3288 4973
38 11 68 65 Γ
132 7 661 71 -Ἷττ-ξπῐ-’τ-*ῒῖ
682 9 785 12 ·
813 6 906 9 „-

1316 362 1747 423 --529—

553 561 873 627 Volentes
936 567 1007 627 et
1050 562 1175 629 hoc
1234 563 1421 645 regio
1484 564 1559 629 Β.
1619 568 1952 647 perpetuo
2011 566 2452 631 decernentes
2499 566 2744 651 edicto,

342 667 521 745 quod
566 670 641 732 tu
688 672 757 731 et
808 665 1100 749 praefati
1144 684 1573 735 successores
1618 668 1738 751 tui,
1771 668 2241 735 Olomucenses
2273 670 2594 753 episcopi,
2623 670 2742 751 qui

340 789 460 852 pro
530 776 829 852 tempore
895 770 1165 853 fuerint,
1234 790 1309 837 se
1376 771 1658 839 comites
1727 774 2028 854 capellae
2095 774 2344 857 regalis
2413 774 2730 841 Boemiae

340 874 711 959 intitulare,
782 876 1123 942 nominare
1191 881 1263 943 et
1329 876 1627 943 scribere
1681 876 1944 959 possint
1997 883 2069 943 et
2121 879 2429 963 debeant,
2475 878 2738 947 cunctis

346 977 593 1045 fu‘turis
618 980 1049 1062 temporibus,
1070 986 1143 1046 et
1166 982 1315 1047 dum
1336 980 1406 1047 in
1428 980 1689 1063 capella
1709 982 1924 1066 regali
1941 982 2018 1047 Β.
2038 987 2335 1063 tempore
2353 982 2740 1065 sollempnis

348 1084 825 1151 celebrationis
870 1084 1245 1151 divinorum
1290 1091 1685 1168 praesentes
1734 1086 2106 1162 extiterint.
2159 1087 2362 1171 etiam
2407 1086 2466 1151 si
2512 1088 2740 1169 plures

345 1187 441 1254 ibi
484 1187 711 1255 forent
753 1188 1067 1272 episcopi,
1112 1189 1239 1255 soli
1285 1191 1635 1256 dumtaxat
1681 1190 2070 1257 clarissimis
2101 1190 2417 1257 Boemiae
2447 1190 2744 1273 regibus,

346 1293 459 1373 qui
508 1310 627 1374 pro
674 1298 974 1375 tempore
1020 1292 1289 1376 fuerint,
1332 1293 1612 1359 dominis
1646 1293 1806 1377 suia,
1838 1295 2256 1379 evangelium
2289 1292 2742 1377 osculandum,

346 1398 500 1463 dum
532 1402 795 1478 tempus
828 1396 1151 1481 exegerit,
1181 1404 1255 1465 et
1283 1398 1525 1464 Pacem
1565 1402 1722 1480 post
1751 1398 2028 1465 tertium
2077 1400 2347 1481 „Agnus
2379 1398 2545 1465 Dei“
2595 1417 2742 1465 cum

343 1500 573 1569 debita
618 1502 1053 1569 veneratione
1096 1502 1499 1585 ministrent,
1547 1508 1617 1569 et
1649 1503 1708 1569 si
1740 1503 2032 1587 gratiam
2063 1502 2442 1587 habuerint,
2468 1501 2741 1584 ipsimet

340 1606 573 1673 divina
605 1607 967 1689 celebrent,
998 1606 1531 1673 benedictionem
1562 1611 1878 1689 erogent3
1913 1606 2044 1672 nisi
2075 1606 2252 1672 forte
2283 1604 2737 1673 venerabilem

340 1710 750 1793 Pragenaem
790 1710 1381 1792 archiepiscopum,
1428 1710 1680 1795 regalis
1725 1709 1989 1777 consilii
2018 1711 2336 1777 Boemiae
2372 1709 2739 1793 primatem,

344 1815 715 1896 principem
778 1821 849 1879 et
912 1816 1226 1881 devotum
1286 1820 1605 1895 nostrum,
1679 1815 1922 1879 adesse
1987 1813 2367 1897 contigerit,
2432 1830 2626 1894 quem
2670 1814 2739 1879 in

342 1917 841 2000 praerogativis
873 1917 1239 1998 praedictis
1272 1918 1574 1985 omnibus
1608 1917 2004 1998 simpliciter
2048 1917 2116 1984 in
2149 1936 2310 1983 casu
2339 1936 2502 1983 suae
2543 1934 2734 1999 prae·

341 2022 609 2089 sentiae
641 2021 945 2088 volumus
976 2022 1317 2089 anteferri.
1350 2022 1587 2107 Igitur,
1618 2026 1864 2089 devote
1895 2021 2256 2105 carissime,
2290 2022 2580 2087 oblatam
2610 2020 2738 2087 tibi

340 2127 827 2193 deliberatione
896 2126 1083 2210 regia
1144 2128 1435 2209 regalem
1500 2128 1790 2209 gratiam
1847 2127 2064 2193 animo
2126 2132 2320 2209 grato
2381 2124 2732 2207 recipiens,

340 2230 735 2313 posteritati
783 2238 939 2296 tuae
986 2231 1145 2297 talis
1188 2231 1627 2312 gratitudinis
1676 2231 1978 2297 dimittas
2026 2230 2347 2312 exempla,
2393 2234 2466 2295 ut
2509 2228 2734 2294 huius-

339 2336 517 2403 modi
578 2335 843 2417 gratiae
910 2342 1183 2403 nostrae
1248 2342 1445 2403 tenor
1510 2340 1580 2401 et
1642 2336 1857 2403 series
1918 2335 1987 2400 in
2046 2333 2339 2401 archivis
2402 2331 2730 2399 ecclesiae

335 2447 497 2508 tuae
546 2438 798 2523 iugiter
842 2445 1113 2506 maneat
1150 2444 1219 2506 et
1254 2442 1473 2506 discat
1506 2439 1640 2524 illa,
1675 2457 1842 2522 quae
1875 2446 1945 2507 te
1977 2442 2314 2522 sequetur,
2350 2437 2736 2521 posteritas,

336 2563 535 2626 quam
582 2544 839 2626 magnis
884 2545 1125 2612 merito
1172 2545 1599 2611 devotionum
1647 2545 1987 2628 obligetur
2030 2543 2382 2611 affectibus
2430 2542 2493 2610 ei
2523 2559 2732 2626 regno

338 2651 537 2730 eique
583 2666 887 2732 coronae,
931 2670 972 2715 a
1018 2649 1255 2729 quibus
1301 2655 1536 2716 tantae
1579 2649 1952 2716 dulcedinis
1999 2647 2286 2730 gloriosa
2317 2645 2565 2712 indicia
2595 2653 2734 2712 tam

335 2753 649 2836 benignis
696 2753 1065 2836 gratiarum
1114 2751 1463 2819 affectibus
1511 2759 1926 2818 emanarunt.

552 2856 1022 2923 Praesentium
1088 2858 1212 2922 sub
1279 2862 1553 2922 nostrae
1621 2854 2002 2940 majestatis
2059 2854 2281 2938 sigillo
2348 2853 2760 2922 testimonio.

334 2963 709 3029 literarum.

554 3099 800 3164 Datum
826 3099 1087 3180 Pragae
1111 3116 1168 3166 a.
1186 3097 1267 3164 D.
1290 3096 1866 3180 1365,1ndictione
1889 3097 2114 3180 tertia,
2139 3097 2461 3162 Kalendis
2487 3095 2736 3180 Martii,

334 3221 698 3288 regnorum
730 3208 1105 3267 nostrorum
1137 3217 1307 3268 anno
1341 3200 1788 3284 decimonono,
1819 3199 2090 3282 Imperii
2121 3215 2283 3266 vero
2314 3199 2584 3266 decimo.

545 3331 763 3418 (Oriq.
788 3332 963 3400 arch.
990 3331 1473 3397 Kremaircnsia.
1502 3368 1590 3380 -
1619 3327 1829 3394 Pelzel
1848 3327 1925 3396 K.
1951 3324 2121 3391 [carl
2137 3327 2250 3396 IV.
2275 3352 2335 3396 n.
2358 3325 2551 3392 CCCI
2559 3327 2626 3396 V.
2653 3365 2731 3374 —

334 3433 603 3500 Brandl
648 3435 765 3501 IX.
810 3433 989 3520 391.)

358 3718 365 3724 ,
550 3645 703 3712 550.
758 3639 1176 3711 Promissio
1223 3639 1317 3710 de
1362 3639 1414 3712 J
1416 3638 1712 3710 ohanne
1759 3638 2195 3710 marchione
2241 3641 2319 3708 et
2363 3636 2733 3709 marchio·

333 3751 527 3819 natu
571 3743 960 3817 Moraviae
1007 3747 1275 3815 contra
1321 3744 1812 3815 adversarios
1859 3741 2314 3832 adJ'uvando.

1196 3870 1391 3953 1365,
1436 3870 1546 3936 25.
1592 3865 1872 3937 Martii.

543 4007 833 4075 Karolus
893 4008 1003 4076 IV.
1066 4011 1125 4075 d.
1179 4005 1220 4074 f.
1269 4008 1347 4074 cl.
1394 4007 1578 4074 Rom.
1640 4007 1802 4089 Imp.
1849 4025 1898 4072 s.
1946 4026 2006 4073 a.
2048 4015 2122 4072 et
2163 4007 2238 4072 Β.
2283 4023 2424 4073 rex.
2485 4005 2734 4072 Notum

329 4113 615 4183 facimus
660 4119 895 4180 tenore
939 4111 1397 4194 praesentium
1446 4109 1800 4192 universiS,
1847 4112 2023 4190 quod
2053 4111 2484 4178 attendentes
2519 4109 2732 4175 mutui

328 4216 579 4285 amoris
636 4215 1065 4300 flagrantiam
1125 4219 1197 4282 et
1255 4215 1591 4284 sincerum
1653 4213 2032 4280 dilectionis
2093 4213 2426 4298 affectum,
2485 4212 2732 4292 quibus

328 4324 419 4389 ad
466 4339 567 4404 ea,
626 4337 797 4402 quae
858 4318 1141 4398 illustris
1195 4318 1242 4384 J
1245 4319 1543 4402 ohanniS,
1610 4317 2010 4402 marchionis
2071 4317 2438 4399 Moraviae,
2493 4314 2732 4382 fratris

336 4505 343 4510 ,
444 4458 595 4500 codex
618 4459 702 4510 jur.
735 4457 837 4498 boh.
865 4457 918 4498 n.
956 4463 993 4498 1.
2461 4437 2530 4489 34
