3288 4973
1586 336 1974 401 —450—

792 546 967 601 Iidem
1006 551 1252 598 castrum
1287 557 1445 596 suum
1483 541 1830 596 Rabenstein
1869 554 1935 593 ac
1971 539 2114 593 bona
2153 538 2336 593 suain
2363 552 2536 605 regno
2564 536 2626 588 B.
2653 535 2766 589 sita
2790 534 2966 589 omnia

586 634 782 689 Carolo
815 631 1151 699 vendidisse,
1190 628 1587 697 pecuniamque
1625 627 1910 695 recepisse
1943 626 2216 693 fatentur,
2243 623 2510 691 *omnique
2528 622 2647 691 juri
2673 622 2731 675 in
2758 619 2966 675 eisdem

584 722 644 776 in
679 728 1011 790 perpetuum
1050 716 1393 772 renuntiant.

792 842 1016 926 (Arch.
1060 838 1128 906 S.
1185 838 1420 927 Wenc.)

789 1034 940 1101 438.
996 1029 1304 1099 Hem-ici
1347 1028 1560 1117 Rays
1606 1025 2072 1097 investitura
2117 1023 2210 1093 de
2254 1026 2514 1092 castro
2561 1018 2794 1091 Stein.

1126 1154 1321 1235 1358,
1367 1153 1477 1219 23.
1523 1146 2002 1219 Novembris.
2050 1145 2434 1233 (Pl-agae.)

786 1292 895 1347 Jan
934 1290 1195 1358 Henrych
1232 1290 1382 1357 Rays
1422 1308 1453 1343 z
1488 1288 1702 1343 Plavna
1741 1290 2010 1354 vyznavd,
2057 1292 2123 1339 zie
2153 1284 2272 1353 jest
2307 1282 2472 1352 pfijal
2523 1283 2648 1336 leno
2703 1295 2776 1333 na
2827 1277 2964 1331 hrad

579 1382 783 1446 ieceny
805 1377 965 1433 Stein
989 1377 1059 1431 od
1083 1376 1323 1445 biskupa
1345 1374 1760 1442 Mindenskeho,
1788 1373 2053 1427 mocneho
2077 1370 2354 1426 uiednika
2379 1368 2592 1425 ciesaie
2617 1366 2705 1433 K,
2731 1368 2768 1419 k
2792 1366 2832 1420 J
2833 1364 2966 1419 Msti

578 1481 712 1521 ruce
741 1467 973 1535 jak02to
1010 1464 1169 1517 krale
1207 1463 1459 1516 ceskeho.

787 1585 908 1672 (A.
958 1586 1051 1654 K.
1098 1624 1184 1635 —
1230 1584 1443 1671 Luniy
1490 1585 1543 1649 I.
1594 1607 1654 1651 n.
1705 1582 1970 1667 CXCV.)

784 1761 936 1845 439.
985 1774 1405 1862 Episcopus
1452 1772 2120 1844 wratislaviensis
2167 1788 2332 1839 cum
2380 1766 2718 1854 capitulo
2759 1786 2970 1837 reco-

572 1882 955 1968 gnoscunt
999 1878 1357 1966 oppidum
1402 1878 1782 1948 Grotkow
1825 1884 2086 1946 tenere
2133 1895 2218 1945 se
2261 1872 2561 1944 nomine
2606 1870 2843 1941 feudi.

1326 2001 1523 2085 1358,
1570 2002 1678 2068 29.
1727 1997 2201 2069 Novembris.

780 2138 907 2192 List
941 2140 1216 2193 Preclava
1253 2138 1493 2205 biskupa
1532 2138 1992 2191 Vratislavskeho
2031 2154 2064 2191 a
2102 2137 2373 2204 kapitoly,
2423 2140 2488 2189 26
2535 2135 2724 2203 piijali
2779 2151 2814 2187 a
2857 2134 2968 2201 pii·

564 2227 752 2296 jimaji
788 2227 963 2279 mesto
1013 2225 1265 2281 Grotkov
1300 2242 1337 2277 v
1373 2226 1647 2279 manstvie
1705 2224 1772 2279 od
1823 2225 1979 2278 krale
2033 2224 2179 2279 Jana
2235 2224 2492 2290 ceskeho,
2547 2222 2780 2276 dedicov
2829 2221 2967 2290 jeho

568 2314 589 2367 i
628 2313 905 2369 buddcich
945 2330 977 2367 a
1016 2314 1229 2379 koruny
1269 2313 1449 2365 ceske.

778 2436 973 2500 Druhy
1011 2431 1111 2488 list
1148 2434 1313 2488 tehoz
1355 2434 1593 2498 biskupa
1631 2432 1651 2485 i
1691 2432 1962 2501 kapitoly‚
2002 2437 2068 2485 ze
2105 2434 2282 2485 mesto
2319 2431 2572 2485 Grotkov
2621 2428 2897 2500 piijimaji
2933 2446 2967 2482 a

570 2522 774 2575 buddei
804 2522 926 2590 jich
964 2521 1234 2590 piijimati
1272 2521 1405 2590 maji
1443 2537 1476 2574 v
1516 2520 1790 2575 manstvie
1821 2521 1890 2574 od
1917 2522 2128 2574 ciesaie
2159 2519 2330 2575 Karia
2355 2535 2388 2572 a
2415 2519 2690 2573 buducich
2715 2519 2966 2584 ceskych

570 2609 766 2664 kralov
801 2624 838 2663 v
874 2613 969 2663 taz
1008 2607 1165 2663 slova
1202 2625 1237 2662 a
1272 2609 1465 2662 datum
1495 2608 1871 2676 jednostajne.

772 2733 848 2798 In
911 2733 1171 2798 nomine
1238 2731 1503 2797 Domini
1572 2735 1799 2798 Amen.
1887 2732 2022 2798 Nos
2092 2733 2452 2798 Preczlaus
2516 2731 2595 2796 D.
2655 2750 2753 2813 gr.
2823 2731 2962 2811 epi-

566 2855 807 2916 scopus
878 2842 1022 2918 etc.²
1102 2845 1446 2916 totumque
1517 2835 1881 2917 capitulum
1951 2835 2533 2902 wratislaviensis
2604 2835 2964 2915 ecclesiae,

568 2947 798 3005 notum
844 2939 1126 3006 facimus
1174 2949 1407 3005 tenore
1456 2941 1908 3020 praesentium
1955 2941 2312 3022 universiS,
2359 2943 2532 3020 quod
2580 2959 2724 3005 cum
2771 2942 2840 3005 b.
2881 2957 2964 3004 m.

564 3043 849 3109 illustris
923 3045 1249 3125 princeps,
1322 3047 1379 3108 d.
1450 3045 1863 3126 BoleczlauS,
1946 3047 2274 3128 quondam
2343 3047 2476 3110 dux
2547 3043 2812 3110 Sleziae
2891 3051 2964 3110 et

564 3148 867 3213 dominus
916 3150 1301 3231 Bregensis,
1348 3151 1497 3214 (111111
1532 3149 1817 3233 viveret,
1867 3151 2178 3231 oppidum
2212 3149 2536 3218 Grotkaw
2569 3168 2715 3214 cum
2747 3157 2964 3230 terra,

562 3252 893 3334 districtu,
940 3253 1416 3319 munitionibus
1465 3273 1544 3320 ac
1593 3255 1895 3320 omnibus
1929 3259 1999 3321 et
2033 3253 2312 3338 singulis
2347 3253 2684 3337 greniciis‚
2734 3253 2961 3334 metiS,

566 3355 1141 3439 circumferentiis,
1180 3356 1444 3438 juribus
1492 3363 1562 3421 et
1593 3358 2023 3439 pertinentiis
2057 3357 2215 3438 31113,
2247 3358 2440 3438 quod,
2473 3375 2640 3438 quas
2673 3362 2745 3422 et
2777 3376 2956 3438 quae

562 3479 605 3525 a
652 3462 729 3525 cl.
777 3479 905 3526 rec.
954 3461 1304 3543 magnifico
1353 3466 1423 3526 e't
1471 3460 1826 3529 excellenti
1873 3463 2196 3544 principe,
2243 3463 2301 3528 d.
2346 3461 2611 3526 Joanne
2663 3461 2822 3526 olim
2881 3461 2960 3527 B.

562 3583 741 3646 rege,
806 3564 1063 3630 domino
1128 3569 1199 3629 et
1256 3575 1539 3645 patrono
1600 3573 1847 3648 nostre,
1915 3569 2197 3632 tenebat
2257 3567 2325 3632 in
2381 3565 2669 3647 feudum,
2728 3567 2958 3632 animo

564 3668 953 3748 deliberato,
1022 3686 1183 3733 sano
1254 3669 1455 3734 etiam
1522 3670 1813 3736 fidelium
1882 3689 2145 3736 3110111111
2217 3671 2586 3736 accedente
2653 3671 2960 3750 consilio,

561 3772 753 3837 nobis
844 3778 914 3837 et
992 3773 1319 3839 ecclesiae
1409 3779 1682 3839 nostrae
1773 3773 2322 3840 wratislaviensi
2411 3774 2794 3840 vendiderit
2891 3783 2964 3844 et

560 3893 679 3942 nos
742 3883 811 3941 et
873 3876 1157 3942 ecclesia
1215 3885 1445 3944 nostra
1512 3879 2092 3946 wratislaviensis
2147 3879 2496 3961 praedicta
2558 3879 2627 3944 in
2688 3898 2962 3961 posses-

558 3981 743 4046 sione
814 3980 979 4045 dicti
1048 3981 1273 4062 oppidi
1334 3988 1403 4047 et
1464 3983 2021 4062 pertinentiarum
2084 3983 2295 4065 ipsius
2355 3982 2679 4049 fuerimus
2740 3986 2958 4050 multo

550 4085 687 4166 jam
735 4093 1035 4165 tempore
1082 4090 1440 4168 retroact0‚
1488 4105 1567 4151 ac
1616 4086 1790 4152 idem
1839 4087 2148 4168 oppidum
2197 4093 2270 4154 et
2317 4088 2461 4154 eius
2501 4086 2960 4170 pertinentias

556 4207 596 4252 a
630 4188 934 4269 praefato
968 4189 1227 4255 domino
1260 4199 1505 4272 nostro,
1542 4191 1610 4254 Β.
1646 4209 1823 4274 rege,
1855 4192 2043 4258 velut
2074 4192 2419 4272 superiore
2449 4191 2634 4258 feudi
2666 4193 2962 4270 dominc,

558 4293 626 4356 in
671 4291 933 4358 feudum
982 4299 1051 4358 et
1088 4293 1274 4374 justo
1324 4312 1403 4358 ac
1449 4293 1744 4376 legitimo
1793 4295 1975 4360 feudi
2021 4296 2238 4376 titulo,
2275 4296 2446 4378 jure,
2477 4314 2655 4362 more
2689 4301 2760 4360 et
2793 4316 2963 4363 con·
