3288 4973
1420 357 1822 420 .-.31-.

442 559 1035 630 wratislaviensis
1082 559 1335 628 incolas
1382 559 1752 645 universos,
1799 561 2322 642 quandocunque
2369 567 2440 628 et
2484 561 2838 643 ibicunque

448 683 576 748 per
616 663 813 749 regni
858 664 1073 732 nostri
1117 663 1415 733 Boemici
1459 667 1529 730 et
1573 661 1854 732 aliarum
1899 669 2232 732 terrarum
2265 669 2644 733 nostrarum
2674 666 2844 749 loca,

448 769 522 836 in
568 770 805 852 quibus
868 769 1179 838 thelonea
1234 771 1316 836 de
1375 767 1709 836 mercibus
1769 770 2221 854 requiruntur,
2279 769 2638 836 transitum
2697 788 2842 837 cum

448 873 949 957 quibuscunque
994 873 1139 942 suis
1184 871 1628 942 mercimoniis
1675 871 1982 958 fecerint,
2027 876 2110 941 de
2150 874 2596 942 solucionibus
2630 874 2838 942 thelo-

448 995 725 1046 neorum
766 978 1140 1046 huiusmodi
1183 977 1431 1046 liberos
1476 981 1800 1062 perpetuo
1845 996 1994 1045 esse
2040 979 2342 1048 volumus
2376 985 2444 1044 et
2477 983 2839 1060 exemptos.

658 1083 765 1150 Ad
797 1082 1063 1152 maioris
1090 1083 1294 1150 etiam
1318 1081 1810 1165 expressionem
1835 1087 2106 1150 nostrae
2131 1082 2394 1166 gratiae
2429 1081 2838 1164 saepedictis

450 1187 1117 1256 wratislaviensibus
1150 1185 1407 1256 civibus
1439 1205 1520 1254 ac
1549 1191 1776 1254 terrae
1817 1186 2400 1255 wratislaviensis
2431 1185 2836 1256 inhabitato-

442 1292 635 1359 ribus
710 1292 1042 1360 universis
1120 1291 1423 1360 duximus
1484 1295 1750 1376 nostro,
1837 1291 2152 1360 heredum
2235 1298 2306 1358 et
2381 1309 2836 1360 successorum

442 1401 841 1481 nostrorum,
885 1396 1343 1465 Boemicorum
1386 1415 1633 1481 regum,
1679 1395 1940 1463 nomine
1987 1395 2267 1464 firmiter
2298 1395 2835 1480 promittendum,

445 1503 623 1581 quod
684 1502 895 1584 ipsam
954 1505 1203 1570 terram
1262 1521 1303 1568 a
1362 1500 1696 1584 praedicti
1754 1501 1944 1584 regni
1991 1501 2205 1568 nostri
2251 1495 2546 1568 Boemici
2597 1501 2838 1567 unione

444 1604 650 1672 nullis
693 1623 983 1688 unquam
1042 1604 1453 1687 temporibus
1513 1603 1941 1688 venditioniS,
2002 1603 2531 1687 permutationis,
2589 1603 2837 1688 obliga-

446 1706 671 1792 tioniS,
740 1708 1205 1777 infeodationis
1276 1709 1384 1776 vel
1448 1708 1897 1792 cuiuscunque
1953 1706 2381 1776 alienationis
2440 1709 2636 1775 titulo
2705 1709 2836 1776 dis—

432 1813 794 1898 jungemus
838 1831 965 1882 nec
1010 1815 1220 1896 ipsam
1264 1812 1465 1880 alicui
1511 1813 2012 1895 capitaneorum
2057 1813 2419 1880 locabimus
2459 1816 2582 1880 sub
2615 1816 2836 1880 deter-

440 1917 697 1985 minata
717 1936 939 1986 annua
960 1919 1295 2002 pensione,
1316 1936 1489 1999 quae
1515 1918 1744 2000 utique
1769 1918 2202 2000 saepedictae
2227 1923 2448 1984 terrae
2478 1916 2832 1986 Wratisla-

438 2022 661 2090 riensi
705 2028 777 2089 et
822 2023 965 2090 eius
1010 2021 1245 2089 incolis
1294 2027 1611 2106 vergeret
1654 2022 1725 2088 in
1771 2021 2070 2088 notabile
2115 2022 2602 2094 detrimentum,

656 2127 925 2195 Nullum
1000 2128 1205 2193 etiam
1288 2127 1485 2192 alium
1547 2131 2016 2209 praeterquam
2081 2127 2366 2208 aliquem
2428 2125 2836 2210 terrigenam

436 2232 747 2298 idoneum
831 2231 961 2314 ipsi
1035 2237 1262 2298 terrae
1330 2231 1753 2313 capitaneum
1829 2229 2289 2313 praeficiemus
2365 2236 2482 2298 aut
2559 2230 2831 2312 praefici

442 2337 795 2418 patiemur.
1300 2327 1307 2334 ⁴

650 2432 751 2506 Et‘
788 2458 1214 2523 quascunque
1260 2445 1484 2507 terras
1531 2439 1948 2508 Polonicales
1994 2446 2112 2507 aut
2159 2459 2385 2507 earum
2444 2445 2676 2524 partes
2725 2440 2832 2508 vel

442 2546 591 2613 loca
634 2566 677 2611 a
722 2546 973 2613 nostris
1018 2545 1381 2615 rebellibus
1413 2544 1557 2611 Deo
1590 2544 1780 2612 nobis
1813 2553 2219 2628 cooperante
2249 2548 2832 2627 quomodocunque

440 2648 939 2733 obtinuerimuS,
987 2648 1139 2716 illas
1184 2656 1255 2716 et
1300 2650 1417 2715 illa
1476 2648 1826 2732 praefatae
1885 2654 2131 2735 terrae,
2194 2655 2270 2715 ut
2330 2668 2412 2717 ex
2472 2669 2549 2717 eo
2613 2654 2831 2716 status

442 2752 589 2821 eius
620 2756 691 2821 in
722 2754 957 2821 melius
990 2754 1315 2837 proficiat,
1346 2754 1860 2822 coadiuncturos
1891 2754 2432 2837 inseparabiliter
2472 2774 2590 2821 nos
2639 2773 2834 2835 spon-

440 2861 693 2944 demus,
712 2861 1036 2942 nolentes,
1059 2862 1234 2939 quod
1256 2859 1497 2939 aliquis
1516 2858 1758 2929 civium
1781 2860 2437 2927 Wratislaviensium
2461 2866 2656 2925 extra
2673 2858 2833 2925 civi-

442 2962 609 3030 tatis
653 2964 1137 3032 Wratislaviae
1181 2964 1493 3031 iudicium
1542 2982 1660 3045 pro
1707 2964 1860 3031 ullis
1894 2963 2156 3046 debitis,
2190 2963 2682 3030 hereditatibus
2715 2967 2833 3027 aut

438 3068 664 3137 causis
712 3068 863 3135 aliis
908 3069 1411 3149 quibuscunque
1442 3069 1605 3135 alibi
1636 3086 2078 3151 responsurus
2111 3070 2442 3151 trahatur,
2490 3069 2594 3136 vel
2631 3067 2828 3135 etiam

438 3172 614 3240 ullus
630 3172 981 3240 feodalium
998 3178 1068 3240 et
1084 3172 1447 3240 incolarum
1463 3178 1689 3240 terrae
1702 3172 2277 3241 wratislaviensis
2295 3172 2824 3256 saepedictorum

442 3283 639 3345 extra
660 3276 874 3359 ipsius
898 3282 1123 3345 terrae
1151 3277 1463 3344 iudicium
1486 3296 1608 3361 pro
1641 3277 1909 3362 debitis,
1942 3279 2431 3346 hereditatibus
2463 3282 2581 3344 aut
2615 3278 2837 3343 causis

438 3382 818 3449 huiusmodi
859 3384 945 3450 ad
990 3381 1301 3449 iudicium
1346 3382 1766 3467 longinquius
1807 3384 1916 3451 vel
1948 3382 2158 3449 eidem
2189 3382 2674 3450 intolerabilius
2707 3381 2827 3447 ali·

440 3492 772 3569 quatenus
818 3480 1153 3556 evocetur.
2283 3514 2288 3520 ·

650 3592 1107 3659 Promittimus
1152 3597 1503 3674 praeterea
1549 3593 1798 3658 nullum
1845 3598 2072 3659 terrae
2119 3612 2199 3659 ac
2245 3590 2542 3661 civitatis
2583 3590 2836 3657 Wrati-

438 3696 800 3765 slaviensis
845 3696 1367 3779 proscriptorum
1428 3694 1994 3762 irreconciliatum
2039 3698 2224 3763 laeso
2272 3696 2380 3765 vel
2429 3692 2835 3777 propinquis,

438 3801 500 3868 si
544 3800 723 3872 idem
768 3800 992 3868 laesus
1037 3816 1168 3867 non
1213 3798 1540 3883 extiterit,
1586 3803 1858 3868 nostrae
1904 3802 2170 3886 gratiae
2214 3800 2578 3867 reformare
2624 3798 2732 3868 vel
2773 3795 2833 3863 ei

438 3916 717 3991 treugas
778 3905 963 3991 pacis
1009 3908 1128 3971 aut
1170 3922 1599 3987 quascunque
1646 3903 1949 3974 inducias
2008 3906 2076 3971 in
2137 3911 2323 3972 terra
2384 3904 2493 3971 vel
2556 3901 2833 3971 civitate

436 4010 884 4079 Wratislavia
902 4008 1291 4092 saepedicta
1314 4008 1627 4076 manendi
1647 4011 1754 4077 vel
1775 4010 2002 4077 standi
2019 4010 2441 4091 aliquatenus
2467 4009 2833 4093 indulgere.

644 4115 969 4183 Volentes
1014 4112 1310 4197 firmiter,
1364 4116 1441 4178 ut
1486 4114 1840 4183 universus
1901 4115 2184 4182 diocesis
2247 4109 2830 4181 Wratislaviensis

444 4221 661 4289 clerus
710 4220 941 4288 divina
984 4218 1054 4286 in
1098 4216 1379 4285 civitate
1425 4218 1870 4288 wratislavia
1913 4220 2058 4287 sine
2104 4218 2494 4287 racionabili
2556 4221 2626 4283 et
2670 4214 2832 4299 legi-

442 4326 606 4392 tima
634 4344 843 4393 causa
871 4325 1169 4392 ammodo
1204 4327 1613 4407 suspendere
1643 4344 1776 4393 non
1808 4330 2208 4409 praesumat,
2241 4329 2312 4425 et
2343 4343 2542 4407 super
2570 4320 2834 4402 quibus-

526 4464 695 4532 ,ςοᾱεκ
718 4468 801 4521 iur.
834 4464 937 4507 boh.
970 4463 1022 4506 n.
1056 4467 1093 4506 1.
2597 4446 2629 4497 6
