3288 4973
1358 310 1745 367 ”479—

556 511 756 591 Sique
823 511 1049 591 aliqua
1119 511 1488 593 privilegia,
1565 512 1797 575 literas
1862 517 1981 573 aut
2042 508 2489 575 instrumenta
2552 526 2745 589 prae-

346 617 528 681 senti
573 622 845 681 nostrae
891 615 1374 681 renuntiationi
1438 613 1781 679 contraria
1838 620 1955 679 aut
2016 613 2393 679 contrarias
2459 631 2746 693 unquam

345 720 572 799 aliquo
649 725 948 799 tempore
1025 720 1092 783 in
1169 719 1381 783 lucem
1463 718 1730 801 prodire
1800 718 2239 799 contingeret.
2309 719 2610 783 volumus
2682 722 2751 781 et

345 830 620 889 nostrae
679 822 1076 888 intentionis
1137 822 1391 905 existit,
1453 824 1625 901 quod
1693 820 1933 886 nullius
1998 822 2135 887 sint
2195 820 2553 903 efficaciae,
2616 820 2749 885 vir-

343 928 538 1009 tutis,
587 927 847 993 roboris
895 935 1015 991 aut
1063 926 1392 1005 moment-i,
1456 928 1574 990 sed
1644 926 1921 991 inutiles
1982 930 2464 1008 computentur,
2535 942 2749 1003 neque

340 1031 556 1113 nobiS,
629 1031 988 1097 heredibus
1059 1039 1129 1095 et
1195 1030 1701 1094 successoribus
1782 1030 2033 1093 nostris
2102 1029 2355 1109 aliquid
2425 1028 2746 1094 utilitatis

339 1136 687 1201 adducant
776 1153 894 1200 seu
970 1135 1240 1199 valeant
1319 1134 1577 1198 domino
1656 1141 1885 1199 nostro
1964 1133 2365 1213 Imperatori
2442 1130 2746 1212 praefato
2843 1196 2845 1198 ,

339 1245 664 1319 tanquam
715 1239 788 1313 Β,
833 1240 976 1321 1081
1027 1244 1096 1302 et
1141 1238 1505 1303 marchioni
1555 1240 1657 1317 Μ.,
1707 1239 2061 1301 heredibus
2121 1252 2193 1303 et
2238 1236 2741 1302 successoribus

346 1360 574 1407 eorum
621 1342 888 1421 aliquod
940 1342 1414 1421 praeiudicium
1466 1358 1812 1423 generare.

561 1444 1012 1511 Promittimus
1061 1446 1261 1509 etiam
1311 1448 1484 1509 bona
1530 1446 1658 1510 fide
1706 1452 1776 1509 et
1822 1444 1890 1507 in
1924 1445 2175 1509 virtute
2208 1444 2536 1523 praedicti
2574 1444 2745 1523 iura-

345 1548 552 1615 menti
603 1568 721 1629 per
766 1568 884 1614 nos
935 1548 1261 1629 praestiti,
1313 1550 1456 1613 sine
1504 1548 1671 1627 dolo,
1736 1548 1909 1626 quod
1957 1547 2173 1611 omnia
2234 1554 2466 1613 nostra
2514 1565 2743 1629 supra-

344 1654 602 1733 scripta
649 1655 971 1733 promissa
1019 1655 1206 1719 firma
1255 1670 1516 1733 semper
1561 1660 1630 1715 et
1679 1650 2004 1715 inviolata
2054 1651 2395 1731 perpetuis
2442 1651 2741 1717 volumus

346 1759 710 1821 observare
769 1757 1176 1837 temporibus
1225 1764 1294 1821 et
1341 1768 1578 1821 contra
1641 1774 1724 1819 ea
1782 1774 2132 1834 numquam
2195 1746 2744 1835 facerequovis-

345 1860 1063 1939 modo-,renuntiantes
1098 1878 1414 1941 expresse
1447 1878 1526 1925 ac
1559 1862 1638 1923 de
1674 1866 1862 1924 certa
1896 1860 2179 1923 scientia
2215 1878 2332 1939 pro
2368 1860 2577 1940 nobiS,
2612 1858 2743 1924 fra-

345 1965 582 2046 tribuS,
607 1965 964 2030 heredibus
989 1973 1058 2030 et
1083 1966 1584 2031 successoribus
1629 1964 1877 2027 nostris
1904 1963 2077 2027 omni
2105 1964 2409 2028 canonici
2436 1968 2506 2028 et
2525 1964 2743 2028 civilis

337 2068 514 2150 juris
563 2070 810 2134 auxilio
861 2075 931 2133 et
979 2070 1278 2135 omnibus
1326 2068 1919 2134 constitutionibus
1973 2068 2321 2148 papalium,
2390 2068 2742 2149 imperiali-

347 2190 586 2251 umque
620 2173 1039 2253 voluminum,
1079 2180 1404 2237 terrarum
1438 2171 2048 2247 consuetudinibus,
2080 2173 2385 2251 omnique
2424 2172 2741 2237 beneficio

350 2281 419 2341 et
445 2276 936 2359 observantiae,
961 2276 1198 2357 quibus
1225 2294 1343 2341 nos
1366 2282 1600 2341 contra
1629 2278 1795 2341 haec
1820 2276 1994 2341 tueri
2022 2294 2383 2358 possemus,
2418 2278 2742 2356 quibusve

347 2380 454 2445 vel
507 2399 626 2460 per
671 2399 839 2460 quae
900 2382 1162 2446 domino
1231 2388 1460 2445 nostro
1522 2381 1922 2463 Imperatori
1986 2386 2059 2445 ut
2121 2382 2262 2461 regi
2326 2382 2400 2445 B.
2456 2389 2525 2446 et
2574 2400 2738 2445 mar-

347 2484 569 2550 chioni
629 2486 734 2566 M,
795 2484 1152 2552 heredibus
1216 2494 1284 2550 et
1345 2485 1847 2552 successoribus
1908 2504 2147 2563 00111111,
2210 2486 2481 2567 regibus
2548 2485 2617 2549 Β.
2671 2493 2741 2551 et

348 2589 841 2654 marchionibus
907 2589 1268 2670 Moraviae,
1329 2590 1397 2653 111
1459 2590 1902 2669 suprasciptis
1965 2607 2187 2672 108110,
2236 2590 2743 2672 principatibuS‚

343 2692 552 2758 terris
585 2703 785 2772 atque
834 2694 1140 2759 dominiis
1188 2693 1388 2757 ullum
1438 2700 1667 2774 posset
1714 2712 1999 2772 unquam
2048 2693 2581 2774 impedimentum
2634 2696 2739 2760 vel

348 2796 715 2878 periculum
765 2798 1117 2862 imminere.

562 2901 1024 2968 Praesentium

559 3041 806 3105 Datum
871 3041 934 3105 in
984 3039 1234 3122 campis
1299 3059 1500 3120 prope
1565 3039 1929 3120 Ezzlingen
1978 3059 2034 3102 a.
2084 3040 2161 3103 D.
2216 3046 2397 3120 1360,
2448 3039 2739 3118 proximo

347 3143 454 3208 die
501 3142 781 3209 Sabbati
828 3150 989 3208 ante
1038 3144 1243 3210 nativ.
1291 3145 1470 3226 Virg.
1520 3144 1679 3227 glor.

562 3281 680 3362 (A.
733 3281 822 3350 Κ.
875 3319 956 3330 -
1003 3281 1247 3343 Balbin
1304 3282 1480 3345 VIII.
1537 3285 1634 3347 77.
1682 3319 1771 3330 --
1826 3283 2077 3344 strand),
2126 3282 2233 3349 IV.
2280 3281 2459 3367 188.)

556 3491 708 3555 475.
771 3487 1191 3556 Ρ1·011113310
1239 3487 1497 3556 Caroli
1560 3488 1687 3556 lV.
1750 3491 1827 3556 et
1888 3488 2209 3557 ,Ioannis
2276 3489 2737 3561 nial-chionis

347 3588 441 3659 de
490 3590 983 3678 protegendis
1031 3590 1364 3660 subditis
1411 3590 1681 3660 ducum
1724 3592 2110 3660 Austriae.

1122 3715 1317 3796 1360,
1365 3716 1428 3780 5.
1481 3712 1973 3799 Septembris.

558 3852 708 3916 Wir
769 3851 934 3916 Karl
995 3871 1124 3917 von
1187 3863 1334 3934 gots
1397 3857 1660 3936 gnaden
1722 3855 2081 3920 romischer
2142 3855 2383 3934 keiser,
2439 3875 2515 3920 ze
2563 3857 2737 3922 allen

345 3956 574 4021 zeiten
639 3974 855 4020 merer
901 3957 1018 4021 des
1067 3957 1290 4023 reichs
1353 3958 1486 4022 und
1533 3958 1741 4040 kunig
1806 3977 1881 4023 ze
1946 3959 2224 4040 beheim,
2284 3961 2419 4024 und
2479 3961 2739 4026 Johans

342 4078 476 4125 von
524 4060 888 4124 denselben
936 4063 1201 4144 gnaden
1250 4061 1614 4144 marggraff
1656 4080 1730 4126 ze
1781 4063 2115 4142 Merhern,
2186 4065 2536 4129 bekenneu
2607 4069 2739 4131 und

341 4168 467 4228 tun
513 4165 686 4229 kunt
749 4162 1056 4229 offenlich
1106 4163 1226 4228 mit
1271 4165 1477 4230 disem
1541 4165 1742 4230 brieff
1794 4166 1969 4231 allen
2033 4168 2179 4247 den,
2242 4167 2349 4231 die
2410 4168 2478 4232 in
2536 4171 2740 4236 sehen

339 4267 504 4334 oder
551 4268 760 4332 horen
808 4269 1010 4349 lesen,
1073 4271 1198 4333 daz
1246 4269 1370 4334 wir
1429 4270 1636 4333 durch
1698 4273 2034 4335 besunder
2092 4269 2544 4340 freuntschaft
2605 4282 2736 4344 und
