3288 4973
1610 399 1714 428 —·
1748 387 1873 448 118
1917 419 2004 428 --

610 591 793 658 ultra
835 589 1163 657 fertonem
1208 607 1349 672 1108,
1392 589 1678 658 heredes
1723 591 1836 658 vel
1880 609 2306 658 successores
2350 590 2564 658 nostri
2601 595 2720 662 aut
2751 589 2986 672 aliquis

608 695 989 763 officialium
1032 698 1409 760 nostrorum
1452 711 1567 761 eos
1610 694 2006 777 compellere
2052 714 2184 762 non
2229 712 2572 777 possemus
2603 695 2712 760 vel
2745 699 2988 775 artare,

610 819 741 868 non
787 799 1211 868 obstantibus
1254 802 1762 884 quibuscunque
1799 801 2083 888 juribuS,
2126 799 2738 883 consuetudinibus,
2791 799 2990 881 privi-

606 904 816 990 legiis,
883 905 1182 990 statutiS,
1248 906 1783 974 ordinationibus
1851 906 1960 973 vel
2027 903 2287 989 edictis,
2353 905 2612 988 quibus„
2677 907 2990 984 quantum

609 1009 719 1093 huj
730 1009 983 1076 asmodi
1026 1009 1287 1092 gratiae
1330 1015 1605 1078 nostrae
1653 1012 2026 1096 obviarent,
2069 1029 2218 1078 esse
2264 1017 2336 1075 et
2379 1008 2666 1092 intelligi
2693 1007 2992 1078 volumus

606 1115 915 1182 totaliter
957 1115 1364 1196 derogatum.

816 1236 971 1302 Dat.
1032 1235 1322 1318 apud-S.
1365 1236 1740 1303 Hubertum
1791 1255 1849 1303 a.
1895 1237 1972 1304 D.
2026 1241 2212 1319 1334,
2258 1235 2378 1302 fer.
2421 1233 2512 1302 II.
2558 1240 2710 1316 post
2749 1233 2994 1300 festum

610 1341 763 1407 Nat.
810 1342 873 1408 b.
918 1340 1177 1408 Mariae
1221 1341 1389 1424 virg.

816 1471 908 1560 (E
946 1469 1075 1542 tab.
1122 1479 1301 1534 terra
1344 1471 1533 1558 requi
1572 1470 1658 1540 B.
1704 1473 1888 1557 apud
1931 1469 2096 1541 Eml.
2141 1469 2256 1542 IV.
2297 1469 2430 1558 86.)

816 1666 967 1732 107.
1032 1661 1465 1748 Capitulum
1522 1661 2216 1751 Regensburgense
2271 1660 2534 1734 vendit
2576 1661 2996 1748 proventus

610 1766 705 1836 de
748 1766 1095 1840 castellis
1142 1765 1397 1839 Stauff
1429 1771 1510 1838 et
1552 1767 1854 1848 Werde.

1494 1891 1690 1976 1335,
1735 1893 1842 1960 16.
1889 1889 2110 1960 Febr.

818 2027 1222 2084 Verkaufbrief
1266 2029 1511 2084 hundert
1545 2027 1724 2085 Pfunt
1757 2031 1954 2098 geldes
1989 2031 2427 2100 Regenspurger
2463 2027 2691 2098 pfenige
2729 2039 2838 2079 von
2877 2024 3000 2079 dem

612 2113 751 2169 Stift
788 2130 860 2170 zu
894 2115 1267 2186 Regenspurg
1304 2117 1404 2171 auf
1441 2119 1549 2172 den
1594 2116 1811 2172 Vesten
1859 2117 2036 2174 Stauss
2077 2118 2190 2172 und
2227 2116 2432 2173 Werde
2469 2113 2830 2170 Friedrichen
2877 2113 3000 2166 dem

614 2201 777 2256 Awer
816 2217 921 2256 von
956 2203 1292 2258 Premberch
1327 2218 1380 2258 ιι
1418 2205 1708 2275 Rudigern
1745 2204 1868 2261 dem
1903 2205 2170 2262 Reichen.
2210 2206 2306 2276 (A.
2347 2204 2448 2274 K.)

820 2379 971 2446 108.
1034 2377 1354 2449 Carolus
1398 2378 1740 2450 marchio
1782 2380 2065 2467 ottoni,
2097 2379 2276 2451 duci
2303 2377 2691 2462 Austriae‚
2722 2375 3001 2464 impig-

606 2482 830 2553 norat
874 2481 1266 2555 civitatem
1306 2483 1598 2573 Znoym
1644 2504 1815 2556 cum
1858 2489 2114 2558 castro
2150 2483 2432 2559 ibidem
2461 2503 2602 2572 pro
2632 2480 2996 2552 dotalitio

610 2586 905 2659 sororis
951 2606 1136 2659 suae
1180 2589 1467 2661 Annae.

1496 2698 1693 2781 1335,
1739 2698 1848 2766 23.
1895 2694 2116 2765 Febr.

817 2832 1083 2922 (Cho-on.
1148 2834 1361 2899 Aulae
1426 2836 1581 2923 Ray.
1637 2838 1730 2902 ad
1785 2859 1846 2906 a.
1907 2836 2096 2903 1335.
2153 2872 2238 2885 —-
2300 2832 2482 2922 Chyt.
2551 2830 2693 2901 VII.
2749 2832 2861 2897 38.
2921 2868 3010 2881 —

612 2938 773 3009 Eml.
818 2938 931 3010 IV.
976 2938 1155 3027 133.)

814 3153 965 3219 109.
1012 3147 1383 3219 Albertus
1448 3151 1526 3218 et
1584 3149 1762 3220 otto
1823 3150 2054 3221 duces
2115 3149 2482 3221 Austriae
2540 3146 3008 3236 promittunt

610 3252 1173 3324 restitutionem
1219 3252 1564 3324 civitatis
1610 3254 1993 3344 Znoymac
2035 3275 2175 3342 pro
2222 3253 2397 3323 dote
2434 3252 3006 3340 impignoratae

615 3358 893 3430 solutis
940 3361 1183 3429 10.000
1225 3377 1454 3429 marc.
1503 3378 1671 3447 arg.
1721 3358 2058 3448 eiusdem
2102 3358 2332 3430 dotis.

1504 3483 1699 3569 1335,
1747 3484 1853 3552 10.
1901 3481 2120 3554 Mart.

827 3620 1052 3709 (Arch.
1099 3616 1166 3687 S.
1224 3618 1429 3690 Wono.
1478 3658 1556 3671 —
1608 3619 1790 3709 Chyt.
1849 3620 1986 3692 VII.
2029 3623 2134 3691 41.
2181 3658 2268 3672 --
2312 3620 2476 3689 Eme.
2521 3619 2636 3689 IV.
2681 3620 2867 3709 137.)

823 3834 974 3899 110.
1066 3828 1621 3918 Impignoratio
1703 3830 1943 3902 castri
2015 3829 2420 3917 Adelburg
2492 3850 2538 3900 a
2611 3828 3014 3901 Ludovico

614 3934 799 4021 Imp.
846 3953 986 4022 pro
1030 3936 1206 4003 2000
1246 3932 1383 4003 tal.
1414 3932 1813 4005 Friderico
1843 3933 1936 4003 de
1967 3935 2158 4004 Awe
2199 3933 2636 4022 praeposito
2667 3933 3014 4021 Regens-

612 4037 984 4125 purgensi
1029 4040 1107 4108 et
1144 4036 1541 4109 cuonrado
1587 4038 2246 4110 Czintzennhouer
2277 4039 2499 4110 facta.

1234 4162 1428 4247 1335,
1473 4162 1582 4230 23.
1630 4160 1816 4277 Apr.
1864 4160 2397 4250 (Nurnberch.)

813 4298 940 4353 List
975 4296 1189 4355 ciesare
1224 4298 1497 4369 Ludvika,
1536 4298 1680 4353 kdez
1733 4300 1930 4355 zamek
1977 4300 2230 4355 Adlburk
2285 4302 2574 4373 zastavuje
2631 4299 2998 4361 Fridrichovi

613 4386 780 4442 Zalbr
816 4386 957 4457 (sic).
997 4388 1149 4441 1335.
1194 4386 1289 4456 (A.
1336 4386 1434 4455 K.)
