<?xml version="1.0" encoding="UTF-8"?>
<!DOCTYPE html PUBLIC "-//W3C//DTD XHTML 1.0 Transitional//EN"
    "http://www.w3.org/TR/xhtml1/DTD/xhtml1-transitional.dtd">
<html xmlns="http://www.w3.org/1999/xhtml" xml:lang="en" lang="en">
 <head>
  <title>
</title>
<meta http-equiv="Content-Type" content="text/html;charset=utf-8" />
  <meta name='ocr-system' content='tesseract 3.04.00' />
  <meta name='ocr-capabilities' content='ocr_page ocr_carea ocr_par ocr_line ocrx_word'/>
</head>
<body>
  <div class='ocr_page' id='page_1' title='image "./codexjurisbohem00bohegoog_0176.png"; bbox 0 0 3288 4973; ppageno 0'>
   <div class='ocr_carea' id='block_1_1' title="bbox 102 0 330 1854">
    <p class='ocr_par' dir='ltr' id='par_1_1' title="bbox 102 0 330 1854">
     <span class='ocr_line' id='line_1_1' title="bbox 102 0 330 1854; baseline 0 0"><span class='ocrx_word' id='word_1_1' title='bbox 102 0 330 1854; x_wconf 95' lang='lat' dir='ltr'><strong> </strong></span> 
     </span>
    </p>
   </div>
   <div class='ocr_carea' id='block_1_2' title="bbox 1593 314 1983 390">
    <p class='ocr_par' dir='ltr' id='par_1_2' title="bbox 1593 314 1983 390">
     <span class='ocr_line' id='line_1_2' title="bbox 1593 314 1983 390; baseline 0 0"><span class='ocrx_word' id='word_1_2' title='bbox 1593 314 1983 390; x_wconf 44' lang='lat'><strong>-1624</strong></span> 
     </span>
    </p>
   </div>
   <div class='ocr_carea' id='block_1_3' title="bbox 586 530 3005 4390">
    <p class='ocr_par' dir='ltr' id='par_1_3' title="bbox 586 530 2978 1564">
     <span class='ocr_line' id='line_1_3' title="bbox 586 530 2964 622; baseline -0.003 -16"><span class='ocrx_word' id='word_1_3' title='bbox 586 538 841 607; x_wconf 78' lang='lat' dir='ltr'><strong>mederi</strong></span> <span class='ocrx_word' id='word_1_4' title='bbox 914 538 1280 622; x_wconf 82' lang='lat' dir='ltr'><strong>cupienteS‚</strong></span> <span class='ocrx_word' id='word_1_5' title='bbox 1353 533 1486 618; x_wconf 89' lang='lat' dir='ltr'><strong>ipsi</strong></span> <span class='ocrx_word' id='word_1_6' title='bbox 1557 531 1809 602; x_wconf 80' lang='lat' dir='ltr'><strong>illustri</strong></span> <span class='ocrx_word' id='word_1_7' title='bbox 1882 530 2178 617; x_wconf 90' lang='lat' dir='ltr'><strong>Nicolao,</strong></span> <span class='ocrx_word' id='word_1_8' title='bbox 2258 531 2415 600; x_wconf 88' lang='lat' dir='ltr'><strong>duci</strong></span> <span class='ocrx_word' id='word_1_9' title='bbox 2488 531 2837 616; x_wconf 87' lang='lat' dir='ltr'><strong>Oppaviae</strong></span> <span class='ocrx_word' id='word_1_10' title='bbox 2874 539 2964 598; x_wconf 82' lang='lat' dir='ltr'><strong>et</strong></span> 
     </span>
     <span class='ocr_line' id='line_1_4' title="bbox 587 635 2965 725; baseline -0.003 -14"><span class='ocrx_word' id='word_1_11' title='bbox 587 641 1001 725; x_wconf 85' lang='lat' dir='ltr'><strong>Ratiboriae‚</strong></span> <span class='ocrx_word' id='word_1_12' title='bbox 1054 640 1414 710; x_wconf 79' lang='lat' dir='ltr'><strong>heredibus</strong></span> <span class='ocrx_word' id='word_1_13' title='bbox 1477 641 1548 705; x_wconf 91' lang='lat' dir='ltr'><strong>et</strong></span> <span class='ocrx_word' id='word_1_14' title='bbox 1607 636 2113 706; x_wconf 87' lang='lat' dir='ltr'><strong>successoribus</strong></span> <span class='ocrx_word' id='word_1_15' title='bbox 2174 635 2313 704; x_wconf 86' lang='lat' dir='ltr'><strong>suis</strong></span> <span class='ocrx_word' id='word_1_16' title='bbox 2359 635 2715 719; x_wconf 85' lang='lat' dir='ltr'><strong>utriusque</strong></span> <span class='ocrx_word' id='word_1_17' title='bbox 2761 655 2965 718; x_wconf 61' lang='lat' dir='ltr'><strong>sexus</strong></span> 
     </span>
     <span class='ocr_line' id='line_1_5' title="bbox 589 739 2968 832; baseline -0.004 -17"><span class='ocrx_word' id='word_1_18' title='bbox 589 745 1036 832; x_wconf 76' lang='lat' dir='ltr'><strong>promittimus</strong></span> <span class='ocrx_word' id='word_1_19' title='bbox 1095 763 1216 830; x_wconf 92' lang='lat' dir='ltr'><strong>pro</strong></span> <span class='ocrx_word' id='word_1_20' title='bbox 1261 744 1452 812; x_wconf 90' lang='lat' dir='ltr'><strong>nobis</strong></span> <span class='ocrx_word' id='word_1_21' title='bbox 1498 747 1568 810; x_wconf 87' lang='lat' dir='ltr'><strong>et</strong></span> <span class='ocrx_word' id='word_1_22' title='bbox 1612 742 1972 811; x_wconf 78' lang='lat' dir='ltr'><strong>heredibus</strong></span> <span class='ocrx_word' id='word_1_23' title='bbox 2032 760 2112 808; x_wconf 90' lang='lat' dir='ltr'><strong>ac</strong></span> <span class='ocrx_word' id='word_1_24' title='bbox 2167 739 2665 809; x_wconf 86' lang='lat' dir='ltr'><strong>successoribus</strong></span> <span class='ocrx_word' id='word_1_25' title='bbox 2711 740 2968 823; x_wconf 87' lang='lat' dir='ltr'><strong>nostris,</strong></span> 
     </span>
     <span class='ocr_line' id='line_1_6' title="bbox 591 845 2969 936; baseline -0.003 -20"><span class='ocrx_word' id='word_1_26' title='bbox 591 850 864 936; x_wconf 84' lang='lat' dir='ltr'><strong>regibus</strong></span> <span class='ocrx_word' id='word_1_27' title='bbox 909 849 1239 933; x_wconf 85' lang='lat' dir='ltr'><strong>Boemiae‚</strong></span> <span class='ocrx_word' id='word_1_28' title='bbox 1287 847 1488 936; x_wconf 90' lang='lat' dir='ltr'><strong>(quod</strong></span> <span class='ocrx_word' id='word_1_29' title='bbox 1529 847 1677 936; x_wconf 88' lang='lat' dir='ltr'><strong>eos)</strong></span> <span class='ocrx_word' id='word_1_30' title='bbox 1707 853 1779 914; x_wconf 84' lang='lat' dir='ltr'><strong>et</strong></span> <span class='ocrx_word' id='word_1_31' title='bbox 1824 864 2051 914; x_wconf 90' lang='lat' dir='ltr'><strong>eorum</strong></span> <span class='ocrx_word' id='word_1_32' title='bbox 2098 845 2460 928; x_wconf 87' lang='lat' dir='ltr'><strong>quemlibet</strong></span> <span class='ocrx_word' id='word_1_33' title='bbox 2502 864 2544 912; x_wconf 87' lang='lat' dir='ltr'><strong>a</strong></span> <span class='ocrx_word' id='word_1_34' title='bbox 2587 862 2969 928; x_wconf 85' lang='lat' dir='ltr'><strong>quacunque</strong></span> 
     </span>
     <span class='ocr_line' id='line_1_7' title="bbox 590 947 2971 1042; baseline -0.003 -20"><span class='ocrx_word' id='word_1_35' title='bbox 590 953 990 1037; x_wconf 85' lang='lat' dir='ltr'><strong>inpetitione</strong></span> <span class='ocrx_word' id='word_1_36' title='bbox 1023 959 1096 1023; x_wconf 85' lang='lat' dir='ltr'><strong>et</strong></span> <span class='ocrx_word' id='word_1_37' title='bbox 1127 953 1392 1021; x_wconf 88' lang='lat' dir='ltr'><strong>actione</strong></span> <span class='ocrx_word' id='word_1_38' title='bbox 1423 947 1666 1020; x_wconf 74' lang='lat' dir='ltr'><strong>ducum</strong></span> <span class='ocrx_word' id='word_1_39' title='bbox 1696 951 2190 1036; x_wconf 88' lang='lat' dir='ltr'><strong>praedictorum</strong></span> <span class='ocrx_word' id='word_1_40' title='bbox 2218 951 2666 1031; x_wconf 78' lang='lat' dir='ltr'><strong>heredumque</strong></span> <span class='ocrx_word' id='word_1_41' title='bbox 2696 966 2971 1042; x_wconf 79' lang='lat' dir='ltr'><strong>snorum,</strong></span> 
     </span>
     <span class='ocr_line' id='line_1_8' title="bbox 592 1054 2974 1141; baseline -0.003 -15"><span class='ocrx_word' id='word_1_42' title='bbox 592 1077 756 1141; x_wconf 85' lang='lat' dir='ltr'><strong>quas</strong></span> <span class='ocrx_word' id='word_1_43' title='bbox 801 1057 930 1127; x_wconf 85' lang='lat' dir='ltr'><strong>sibi</strong></span> <span class='ocrx_word' id='word_1_44' title='bbox 975 1063 1096 1126; x_wconf 86' lang='lat' dir='ltr'><strong>aut</strong></span> <span class='ocrx_word' id='word_1_45' title='bbox 1139 1056 1339 1126; x_wconf 87' lang='lat' dir='ltr'><strong>alicui</strong></span> <span class='ocrx_word' id='word_1_46' title='bbox 1394 1057 1714 1126; x_wconf 81' lang='lat' dir='ltr'><strong>heredum</strong></span> <span class='ocrx_word' id='word_1_47' title='bbox 1774 1074 2042 1124; x_wconf 88' lang='lat' dir='ltr'><strong>suorum</strong></span> <span class='ocrx_word' id='word_1_48' title='bbox 2107 1054 2483 1136; x_wconf 88' lang='lat' dir='ltr'><strong>utriusque·</strong></span> <span class='ocrx_word' id='word_1_49' title='bbox 2520 1072 2721 1123; x_wconf 85' lang='lat' dir='ltr'><strong>sexus</strong></span> <span class='ocrx_word' id='word_1_50' title='bbox 2782 1071 2974 1137; x_wconf 90' lang='lat' dir='ltr'><strong>super</strong></span> 
     </span>
     <span class='ocr_line' id='line_1_9' title="bbox 588 1157 2968 1248; baseline -0.002 -19"><span class='ocrx_word' id='word_1_51' title='bbox 588 1167 778 1232; x_wconf 83' lang='lat' dir='ltr'><strong>terra</strong></span> <span class='ocrx_word' id='word_1_52' title='bbox 822 1168 894 1230; x_wconf 87' lang='lat' dir='ltr'><strong>et</strong></span> <span class='ocrx_word' id='word_1_53' title='bbox 939 1165 1188 1232; x_wconf 85' lang='lat' dir='ltr'><strong>ducatu</strong></span> <span class='ocrx_word' id='word_1_54' title='bbox 1231 1161 1313 1232; x_wconf 85' lang='lat' dir='ltr'><strong>R.</strong></span> <span class='ocrx_word' id='word_1_55' title='bbox 1336 1168 1429 1230; x_wconf 88' lang='lat' dir='ltr'><strong>-et</strong></span> <span class='ocrx_word' id='word_1_56' title='bbox 1473 1161 1757 1248; x_wconf 85' lang='lat' dir='ltr'><strong>singulis</strong></span> <span class='ocrx_word' id='word_1_57' title='bbox 1818 1159 2145 1244; x_wconf 76' lang='lat' dir='ltr'><strong>dominiiS,</strong></span> <span class='ocrx_word' id='word_1_58' title='bbox 2188 1177 2361 1242; x_wconf 88' lang='lat' dir='ltr'><strong>quae</strong></span> <span class='ocrx_word' id='word_1_59' title='bbox 2405 1157 2621 1227; x_wconf 87' lang='lat' dir='ltr'><strong>felicis</strong></span> <span class='ocrx_word' id='word_1_60' title='bbox 2668 1160 2968 1228; x_wconf 87' lang='lat' dir='ltr'><strong>recorda·</strong></span> 
     </span>
     <span class='ocr_line' id='line_1_10' title="bbox 591 1263 2966 1353; baseline -0.004 -15"><span class='ocrx_word' id='word_1_61' title='bbox 591 1266 802 1338; x_wconf 88' lang='lat' dir='ltr'><strong>cionis</strong></span> <span class='ocrx_word' id='word_1_62' title='bbox 833 1267 1114 1353; x_wconf 86' lang='lat' dir='ltr'><strong>Leszko,</strong></span> <span class='ocrx_word' id='word_1_63' title='bbox 1147 1269 1281 1336; x_wconf 85' lang='lat' dir='ltr'><strong>dux</strong></span> <span class='ocrx_word' id='word_1_64' title='bbox 1304 1266 1710 1352; x_wconf 49' lang='lat' dir='ltr'><strong>praedictum</strong></span> <span class='ocrx_word' id='word_1_65' title='bbox 1735 1265 2037 1349; x_wconf 86' lang='lat' dir='ltr'><strong>possedit</strong></span> <span class='ocrx_word' id='word_1_66' title='bbox 2059 1269 2130 1333; x_wconf 88' lang='lat' dir='ltr'><strong>et</strong></span> <span class='ocrx_word' id='word_1_67' title='bbox 2152 1264 2389 1350; x_wconf 86' lang='lat' dir='ltr'><strong>tenuit,</strong></span> <span class='ocrx_word' id='word_1_68' title='bbox 2418 1263 2551 1348; x_wconf 90' lang='lat' dir='ltr'><strong>ipsi</strong></span> <span class='ocrx_word' id='word_1_69' title='bbox 2572 1263 2966 1332; x_wconf 88' lang='lat' dir='ltr'><strong>coniunctim</strong></span> 
     </span>
     <span class='ocr_line' id='line_1_11' title="bbox 589 1369 2972 1456; baseline -0.003 -15"><span class='ocrx_word' id='word_1_70' title='bbox 589 1372 700 1441; x_wconf 90' lang='lat' dir='ltr'><strong>vel</strong></span> <span class='ocrx_word' id='word_1_71' title='bbox 743 1371 1025 1455; x_wconf 84' lang='lat' dir='ltr'><strong>divisim,</strong></span> <span class='ocrx_word' id='word_1_72' title='bbox 1070 1377 1190 1441; x_wconf 86' lang='lat' dir='ltr'><strong>aut</strong></span> <span class='ocrx_word' id='word_1_73' title='bbox 1235 1371 1518 1440; x_wconf 88' lang='lat' dir='ltr'><strong>heredes</strong></span> <span class='ocrx_word' id='word_1_74' title='bbox 1567 1387 1807 1456; x_wconf 88' lang='lat' dir='ltr'><strong>eornm,</strong></span> <span class='ocrx_word' id='word_1_75' title='bbox 1861 1389 2148 1452; x_wconf 86' lang='lat' dir='ltr'><strong>unquam</strong></span> <span class='ocrx_word' id='word_1_76' title='bbox 2192 1374 2558 1454; x_wconf 87' lang='lat' dir='ltr'><strong>moverent,</strong></span> <span class='ocrx_word' id='word_1_77' title='bbox 2603 1369 2972 1454; x_wconf 84' lang='lat' dir='ltr'><strong>disbrigare</strong></span> 
     </span>
     <span class='ocr_line' id='line_1_12' title="bbox 590 1467 2978 1564; baseline -0.002 -20"><span class='ocrx_word' id='word_1_78' title='bbox 590 1476 893 1544; x_wconf 90' lang='lat' dir='ltr'><strong>volumus</strong></span> <span class='ocrx_word' id='word_1_79' title='bbox 940 1483 1010 1544; x_wconf 89' lang='lat' dir='ltr'><strong>et</strong></span> <span class='ocrx_word' id='word_1_80' title='bbox 1055 1479 1356 1544; x_wconf 80' lang='lat' dir='ltr'><strong>tenemur</strong></span> <span class='ocrx_word' id='word_1_81' title='bbox 1399 1467 1923 1564; x_wconf 83' lang='lat' dir='ltr'><strong>indempnesque</strong></span> <span class='ocrx_word' id='word_1_82' title='bbox 1968 1475 2253 1542; x_wconf 87' lang='lat' dir='ltr'><strong>reddere</strong></span> <span class='ocrx_word' id='word_1_83' title='bbox 2295 1473 2564 1556; x_wconf 87' lang='lat' dir='ltr'><strong>penitus</strong></span> <span class='ocrx_word' id='word_1_84' title='bbox 2594 1478 2669 1542; x_wconf 88' lang='lat' dir='ltr'><strong>et</strong></span> <span class='ocrx_word' id='word_1_85' title='bbox 2698 1472 2978 1554; x_wconf 79' lang='lat' dir='ltr'><strong>quietos.</strong></span> 
     </span>
    </p>

    <p class='ocr_par' dir='ltr' id='par_1_4' title="bbox 589 1577 2985 2504">
     <span class='ocr_line' id='line_1_13' title="bbox 797 1577 2977 1665; baseline -0.001 -19"><span class='ocrx_word' id='word_1_86' title='bbox 797 1579 869 1647; x_wconf 85' lang='lat' dir='ltr'><strong>Si</strong></span> <span class='ocrx_word' id='word_1_87' title='bbox 914 1581 1030 1664; x_wconf 87' lang='lat' dir='ltr'><strong>qui</strong></span> <span class='ocrx_word' id='word_1_88' title='bbox 1075 1598 1234 1650; x_wconf 91' lang='lat' dir='ltr'><strong>vero</strong></span> <span class='ocrx_word' id='word_1_89' title='bbox 1283 1581 1417 1664; x_wconf 87' lang='lat' dir='ltr'><strong>alii,</strong></span> <span class='ocrx_word' id='word_1_90' title='bbox 1465 1581 1915 1665; x_wconf 89' lang='lat' dir='ltr'><strong>cujuscunque</strong></span> <span class='ocrx_word' id='word_1_91' title='bbox 1960 1584 2184 1646; x_wconf 85' lang='lat' dir='ltr'><strong>status</strong></span> <span class='ocrx_word' id='word_1_92' title='bbox 2228 1583 2345 1645; x_wconf 83' lang='lat' dir='ltr'><strong>aut</strong></span> <span class='ocrx_word' id='word_1_93' title='bbox 2390 1577 2791 1645; x_wconf 74' lang='lat' dir='ltr'><strong>conditionis</strong></span> <span class='ocrx_word' id='word_1_94' title='bbox 2850 1577 2977 1644; x_wconf 84' lang='lat' dir='ltr'><strong>exi·</strong></span> 
     </span>
     <span class='ocr_line' id='line_1_14' title="bbox 593 1682 2979 1770; baseline -0.001 -20"><span class='ocrx_word' id='word_1_95' title='bbox 593 1690 827 1768; x_wconf 83' lang='lat' dir='ltr'><strong>stant,&#39;</strong></span> <span class='ocrx_word' id='word_1_96' title='bbox 858 1685 1186 1752; x_wconf 88' lang='lat' dir='ltr'><strong>illustrem</strong></span> <span class='ocrx_word' id='word_1_97' title='bbox 1249 1688 1481 1752; x_wconf 90' lang='lat' dir='ltr'><strong>ducem</strong></span> <span class='ocrx_word' id='word_1_98' title='bbox 1541 1685 1636 1770; x_wconf 89' lang='lat' dir='ltr'><strong>N.,</strong></span> <span class='ocrx_word' id='word_1_99' title='bbox 1707 1685 2073 1768; x_wconf 90' lang='lat' dir='ltr'><strong>principem</strong></span> <span class='ocrx_word' id='word_1_100' title='bbox 2137 1688 2455 1768; x_wconf 87' lang='lat' dir='ltr'><strong>nostrum,</strong></span> <span class='ocrx_word' id='word_1_101' title='bbox 2520 1689 2639 1750; x_wconf 88' lang='lat' dir='ltr'><strong>aut</strong></span> <span class='ocrx_word' id='word_1_102' title='bbox 2698 1682 2979 1751; x_wconf 89' lang='lat' dir='ltr'><strong>heredes</strong></span> 
     </span>
     <span class='ocr_line' id='line_1_15' title="bbox 594 1785 2979 1875; baseline -0.003 -17"><span class='ocrx_word' id='word_1_103' title='bbox 594 1789 734 1872; x_wconf 89' lang='lat' dir='ltr'><strong>ejus</strong></span> <span class='ocrx_word' id='word_1_104' title='bbox 780 1791 1128 1872; x_wconf 87' lang='lat' dir='ltr'><strong>utriusque</strong></span> <span class='ocrx_word' id='word_1_105' title='bbox 1173 1785 1396 1875; x_wconf 75' lang='lat' dir='ltr'><strong>sexuS,</strong></span> <span class='ocrx_word' id='word_1_106' title='bbox 1423 1809 1626 1874; x_wconf 85' lang='lat' dir='ltr'><strong>super</strong></span> <span class='ocrx_word' id='word_1_107' title='bbox 1672 1790 1971 1874; x_wconf 82' lang='lat' dir='ltr'><strong>pheudis,</strong></span> <span class='ocrx_word' id='word_1_108' title='bbox 2018 1807 2191 1872; x_wconf 88' lang='lat' dir='ltr'><strong>quae</strong></span> <span class='ocrx_word' id='word_1_109' title='bbox 2236 1808 2279 1858; x_wconf 87' lang='lat' dir='ltr'><strong>a</strong></span> <span class='ocrx_word' id='word_1_110' title='bbox 2323 1789 2514 1858; x_wconf 90' lang='lat' dir='ltr'><strong>nobis</strong></span> <span class='ocrx_word' id='word_1_111' title='bbox 2559 1787 2874 1856; x_wconf 86' lang='lat' dir='ltr'><strong>obtinent</strong></span> <span class='ocrx_word' id='word_1_112' title='bbox 2913 1793 2979 1854; x_wconf 84' lang='lat' dir='ltr'><strong>et</strong></span> 
     </span>
     <span class='ocr_line' id='line_1_16' title="bbox 592 1893 2984 1980; baseline -0.002 -18"><span class='ocrx_word' id='word_1_113' title='bbox 592 1897 676 1963; x_wconf 90' lang='lat' dir='ltr'><strong>ab</strong></span> <span class='ocrx_word' id='word_1_114' title='bbox 725 1895 1082 1962; x_wconf 86' lang='lat' dir='ltr'><strong>heredibus</strong></span> <span class='ocrx_word' id='word_1_115' title='bbox 1143 1895 1410 1980; x_wconf 89' lang='lat' dir='ltr'><strong>nostris,</strong></span> <span class='ocrx_word' id='word_1_116' title='bbox 1471 1894 1744 1980; x_wconf 86' lang='lat' dir='ltr'><strong>regibus</strong></span> <span class='ocrx_word' id='word_1_117' title='bbox 1804 1895 1877 1961; x_wconf 92' lang='lat' dir='ltr'><strong>B.</strong></span> <span class='ocrx_word' id='word_1_118' title='bbox 1941 1895 2354 1978; x_wconf 85' lang='lat' dir='ltr'><strong>obtinebunt,</strong></span> <span class='ocrx_word' id='word_1_119' title='bbox 2414 1893 2811 1976; x_wconf 87' lang='lat' dir='ltr'><strong>inpetierint</strong></span> <span class='ocrx_word' id='word_1_120' title='bbox 2870 1897 2984 1960; x_wconf 89' lang='lat' dir='ltr'><strong>aut</strong></span> 
     </span>
     <span class='ocr_line' id='line_1_17' title="bbox 591 1996 2984 2084; baseline -0.001 -20"><span class='ocrx_word' id='word_1_121' title='bbox 591 1999 756 2082; x_wconf 86' lang='lat' dir='ltr'><strong>ipsis</strong></span> <span class='ocrx_word' id='word_1_122' title='bbox 800 2004 920 2066; x_wconf 87' lang='lat' dir='ltr'><strong>aut</strong></span> <span class='ocrx_word' id='word_1_123' title='bbox 963 1998 1160 2067; x_wconf 85' lang='lat' dir='ltr'><strong>alteri</strong></span> <span class='ocrx_word' id='word_1_124' title='bbox 1208 2000 1501 2083; x_wconf 88' lang='lat' dir='ltr'><strong>ipsorum</strong></span> <span class='ocrx_word' id='word_1_125' title='bbox 1549 2000 1878 2068; x_wconf 85' lang='lat' dir='ltr'><strong>moverint</strong></span> <span class='ocrx_word' id='word_1_126' title='bbox 1922 2000 2377 2082; x_wconf 85' lang='lat' dir='ltr'><strong>quaestionem</strong></span> <span class='ocrx_word' id='word_1_127' title='bbox 2438 1998 2507 2066; x_wconf 89' lang='lat' dir='ltr'><strong>in</strong></span> <span class='ocrx_word' id='word_1_128' title='bbox 2558 1997 2813 2084; x_wconf 88' lang='lat' dir='ltr'><strong>judicio</strong></span> <span class='ocrx_word' id='word_1_129' title='bbox 2878 1996 2984 2063; x_wconf 88' lang='lat' dir='ltr'><strong>vel</strong></span> 
     </span>
     <span class='ocr_line' id='line_1_18' title="bbox 590 2099 2983 2188; baseline -0.001 -19"><span class='ocrx_word' id='word_1_130' title='bbox 590 2107 784 2170; x_wconf 86' lang='lat' dir='ltr'><strong>extra</strong></span> <span class='ocrx_word' id='word_1_131' title='bbox 818 2102 1156 2188; x_wconf 88' lang='lat' dir='ltr'><strong>judicium,</strong></span> <span class='ocrx_word' id='word_1_132' title='bbox 1199 2105 1269 2172; x_wconf 90' lang='lat' dir='ltr'><strong>in</strong></span> <span class='ocrx_word' id='word_1_133' title='bbox 1301 2108 1498 2188; x_wconf 85' lang='lat' dir='ltr'><strong>parte</strong></span> <span class='ocrx_word' id='word_1_134' title='bbox 1535 2105 1644 2172; x_wconf 88' lang='lat' dir='ltr'><strong>vel</strong></span> <span class='ocrx_word' id='word_1_135' title='bbox 1676 2103 1743 2170; x_wconf 93' lang='lat' dir='ltr'><strong>in</strong></span> <span class='ocrx_word' id='word_1_136' title='bbox 1776 2107 1950 2170; x_wconf 88' lang='lat' dir='ltr'><strong>toto:</strong></span> <span class='ocrx_word' id='word_1_137' title='bbox 1988 2104 2152 2186; x_wconf 89' lang='lat' dir='ltr'><strong>ipsis</strong></span> <span class='ocrx_word' id='word_1_138' title='bbox 2186 2103 2483 2188; x_wconf 86' lang='lat' dir='ltr'><strong>gratiose</strong></span> <span class='ocrx_word' id='word_1_139' title='bbox 2514 2105 2581 2169; x_wconf 84' lang='lat' dir='ltr'><strong>et</strong></span> <span class='ocrx_word' id='word_1_140' title='bbox 2615 2099 2983 2170; x_wconf 85' lang='lat' dir='ltr'><strong>efficaciter</strong></span> 
     </span>
     <span class='ocr_line' id='line_1_19' title="bbox 589 2206 2983 2293; baseline -0.002 -19"><span class='ocrx_word' id='word_1_141' title='bbox 589 2210 924 2275; x_wconf 88' lang='lat' dir='ltr'><strong>aderimus</strong></span> <span class='ocrx_word' id='word_1_142' title='bbox 983 2213 1053 2275; x_wconf 85' lang='lat' dir='ltr'><strong>et</strong></span> <span class='ocrx_word' id='word_1_143' title='bbox 1108 2215 1254 2276; x_wconf 85' lang='lat' dir='ltr'><strong>tota</strong></span> <span class='ocrx_word' id='word_1_144' title='bbox 1314 2215 1547 2277; x_wconf 89' lang='lat' dir='ltr'><strong>nostra</strong></span> <span class='ocrx_word' id='word_1_145' title='bbox 1604 2207 1925 2293; x_wconf 85' lang='lat' dir='ltr'><strong>potentia,</strong></span> <span class='ocrx_word' id='word_1_146' title='bbox 1994 2227 2140 2276; x_wconf 92' lang='lat' dir='ltr'><strong>cum</strong></span> <span class='ocrx_word' id='word_1_147' title='bbox 2210 2207 2384 2274; x_wconf 89' lang='lat' dir='ltr'><strong>omni</strong></span> <span class='ocrx_word' id='word_1_148' title='bbox 2440 2207 2591 2292; x_wconf 85' lang='lat' dir='ltr'><strong>jure</strong></span> <span class='ocrx_word' id='word_1_149' title='bbox 2630 2206 2983 2291; x_wconf 84' lang='lat' dir='ltr'><strong>-pheudali,</strong></span> 
     </span>
     <span class='ocr_line' id='line_1_20' title="bbox 591 2310 2985 2397; baseline -0 -20"><span class='ocrx_word' id='word_1_150' title='bbox 591 2318 789 2395; x_wconf 84' lang='lat' dir='ltr'><strong>prout</strong></span> <span class='ocrx_word' id='word_1_151' title='bbox 852 2313 1120 2396; x_wconf 87' lang='lat' dir='ltr'><strong>patroni</strong></span> <span class='ocrx_word' id='word_1_152' title='bbox 1187 2333 1266 2379; x_wconf 91' lang='lat' dir='ltr'><strong>ac</strong></span> <span class='ocrx_word' id='word_1_153' title='bbox 1333 2313 1578 2381; x_wconf 89' lang='lat' dir='ltr'><strong>domini</strong></span> <span class='ocrx_word' id='word_1_154' title='bbox 1643 2314 2053 2397; x_wconf 87' lang='lat' dir='ltr'><strong>pheudorum</strong></span> <span class='ocrx_word' id='word_1_155' title='bbox 2117 2331 2271 2379; x_wconf 89' lang='lat' dir='ltr'><strong>suos</strong></span> <span class='ocrx_word' id='word_1_156' title='bbox 2332 2311 2624 2378; x_wconf 84' lang='lat' dir='ltr'><strong>vasallos</strong></span> <span class='ocrx_word' id='word_1_157' title='bbox 2688 2313 2776 2378; x_wconf 89' lang='lat' dir='ltr'><strong>de</strong></span> <span class='ocrx_word' id='word_1_158' title='bbox 2830 2310 2985 2395; x_wconf 85' lang='lat' dir='ltr'><strong>jure</strong></span> 
     </span>
     <span class='ocr_line' id='line_1_21' title="bbox 589 2415 2297 2504; baseline 0.002 -24"><span class='ocrx_word' id='word_1_159' title='bbox 589 2420 911 2484; x_wconf 85' lang='lat' dir='ltr'><strong>tenentur</strong></span> <span class='ocrx_word' id='word_1_160' title='bbox 953 2417 1330 2502; x_wconf 86' lang='lat' dir='ltr'><strong>defendere,</strong></span> <span class='ocrx_word' id='word_1_161' title='bbox 1368 2418 1625 2504; x_wconf 86' lang='lat' dir='ltr'><strong>jugiter</strong></span> <span class='ocrx_word' id='word_1_162' title='bbox 1672 2415 2123 2486; x_wconf 69' lang='lat' dir='ltr'><strong>defendemus</strong></span> <span class='ocrx_word' id='word_1_163' title='bbox 2292 2427 2297 2434; x_wconf 86' lang='grc'><em>·</em></span> 
     </span>
    </p>

    <p class='ocr_par' dir='ltr' id='par_1_5' title="bbox 588 2522 2994 3341">
     <span class='ocr_line' id='line_1_22' title="bbox 797 2522 2985 2607; baseline -0.001 -16"><span class='ocrx_word' id='word_1_164' title='bbox 797 2522 1106 2591; x_wconf 84' lang='lat' dir='ltr'><strong>Ceterum</strong></span> <span class='ocrx_word' id='word_1_165' title='bbox 1151 2522 1366 2605; x_wconf 88' lang='lat' dir='ltr'><strong>ipsum</strong></span> <span class='ocrx_word' id='word_1_166' title='bbox 1411 2524 1644 2591; x_wconf 90' lang='lat' dir='ltr'><strong>ducem</strong></span> <span class='ocrx_word' id='word_1_167' title='bbox 1690 2522 2055 2607; x_wconf 75' lang='lat' dir='ltr'><strong>Nicolaum,</strong></span> <span class='ocrx_word' id='word_1_168' title='bbox 2101 2523 2383 2591; x_wconf 87' lang='lat' dir='ltr'><strong>heredes</strong></span> <span class='ocrx_word' id='word_1_169' title='bbox 2430 2528 2499 2590; x_wconf 90' lang='lat' dir='ltr'><strong>et</strong></span> <span class='ocrx_word' id='word_1_170' title='bbox 2554 2540 2985 2591; x_wconf 81' lang='lat' dir='ltr'><strong>successores</strong></span> 
     </span>
     <span class='ocr_line' id='line_1_23' title="bbox 591 2625 2987 2711; baseline -0.001 -18"><span class='ocrx_word' id='word_1_171' title='bbox 591 2626 734 2693; x_wconf 89' lang='lat' dir='ltr'><strong>eius</strong></span> <span class='ocrx_word' id='word_1_172' title='bbox 779 2626 1131 2709; x_wconf 82' lang='lat' dir='ltr'><strong>utriusque</strong></span> <span class='ocrx_word' id='word_1_173' title='bbox 1175 2645 1394 2711; x_wconf 80' lang='lat' dir='ltr'><strong>sexuS,</strong></span> <span class='ocrx_word' id='word_1_174' title='bbox 1440 2628 1620 2696; x_wconf 92' lang='lat' dir='ltr'><strong>nullo</strong></span> <span class='ocrx_word' id='word_1_175' title='bbox 1666 2628 1797 2697; x_wconf 90' lang='lat' dir='ltr'><strong>alio</strong></span> <span class='ocrx_word' id='word_1_176' title='bbox 1858 2628 2001 2695; x_wconf 90' lang='lat' dir='ltr'><strong>iure</strong></span> <span class='ocrx_word' id='word_1_177' title='bbox 2061 2627 2324 2695; x_wconf 88' lang='lat' dir='ltr'><strong>censeri</strong></span> <span class='ocrx_word' id='word_1_178' title='bbox 2369 2626 2670 2695; x_wconf 88' lang='lat' dir='ltr'><strong>volumus</strong></span> <span class='ocrx_word' id='word_1_179' title='bbox 2729 2632 2856 2694; x_wconf 87' lang='lat' dir='ltr'><strong>aut</strong></span> <span class='ocrx_word' id='word_1_180' title='bbox 2918 2625 2987 2691; x_wconf 89' lang='lat' dir='ltr'><strong>in</strong></span> 
     </span>
     <span class='ocr_line' id='line_1_24' title="bbox 592 2728 2989 2815; baseline -0.001 -18"><span class='ocrx_word' id='word_1_181' title='bbox 592 2728 812 2812; x_wconf 88' lang='lat' dir='ltr'><strong>aliquo</strong></span> <span class='ocrx_word' id='word_1_182' title='bbox 856 2729 1000 2799; x_wconf 86' lang='lat' dir='ltr'><strong>foro</strong></span> <span class='ocrx_word' id='word_1_183' title='bbox 1057 2749 1259 2815; x_wconf 89' lang='lat' dir='ltr'><strong>super</strong></span> <span class='ocrx_word' id='word_1_184' title='bbox 1314 2733 1517 2799; x_wconf 87' lang='lat' dir='ltr'><strong>dictis</strong></span> <span class='ocrx_word' id='word_1_185' title='bbox 1575 2732 1795 2815; x_wconf 83' lang='lat' dir='ltr'><strong>feudis</strong></span> <span class='ocrx_word' id='word_1_186' title='bbox 1856 2733 2217 2815; x_wconf 85' lang='lat' dir='ltr'><strong>conveniri,</strong></span> <span class='ocrx_word' id='word_1_187' title='bbox 2262 2731 2394 2799; x_wconf 90' lang='lat' dir='ltr'><strong>nisi</strong></span> <span class='ocrx_word' id='word_1_188' title='bbox 2452 2731 2616 2814; x_wconf 85' lang='lat' dir='ltr'><strong>foro,</strong></span> <span class='ocrx_word' id='word_1_189' title='bbox 2670 2750 2861 2799; x_wconf 91' lang='lat' dir='ltr'><strong>more</strong></span> <span class='ocrx_word' id='word_1_190' title='bbox 2918 2734 2989 2798; x_wconf 85' lang='lat' dir='ltr'><strong>et</strong></span> 
     </span>
     <span class='ocr_line' id='line_1_25' title="bbox 588 2835 2990 2921; baseline 0 -20"><span class='ocrx_word' id='word_1_191' title='bbox 588 2835 732 2903; x_wconf 90' lang='lat' dir='ltr'><strong>iure</strong></span> <span class='ocrx_word' id='word_1_192' title='bbox 764 2835 1134 2919; x_wconf 79' lang='lat' dir='ltr'><strong>principum</strong></span> <span class='ocrx_word' id='word_1_193' title='bbox 1180 2835 1569 2905; x_wconf 88' lang='lat' dir='ltr'><strong>Alemaniae</strong></span> <span class='ocrx_word' id='word_1_194' title='bbox 1613 2838 2015 2905; x_wconf 80' lang='lat' dir='ltr'><strong>vasallorum</strong></span> <span class='ocrx_word' id='word_1_195' title='bbox 2036 2837 2345 2921; x_wconf 86' lang='lat' dir='ltr'><strong>aliorum,</strong></span> <span class='ocrx_word' id='word_1_196' title='bbox 2384 2840 2455 2903; x_wconf 87' lang='lat' dir='ltr'><strong>et</strong></span> <span class='ocrx_word' id='word_1_197' title='bbox 2483 2854 2615 2904; x_wconf 90' lang='lat' dir='ltr'><strong>non</strong></span> <span class='ocrx_word' id='word_1_198' title='bbox 2644 2836 2990 2919; x_wconf 88' lang='lat' dir='ltr'><strong>Poloniae,</strong></span> 
     </span>
     <span class='ocr_line' id='line_1_26' title="bbox 591 2941 2992 3027; baseline -0.001 -19"><span class='ocrx_word' id='word_1_199' title='bbox 591 2941 1021 3022; x_wconf 89' lang='lat' dir='ltr'><strong>omnibusque</strong></span> <span class='ocrx_word' id='word_1_200' title='bbox 1081 2959 1160 3007; x_wconf 93' lang='lat' dir='ltr'><strong>ac</strong></span> <span class='ocrx_word' id='word_1_201' title='bbox 1206 2942 1488 3025; x_wconf 84' lang='lat' dir='ltr'><strong>singulis</strong></span> <span class='ocrx_word' id='word_1_202' title='bbox 1551 2942 1897 3010; x_wconf 90' lang='lat' dir='ltr'><strong>ducalibus</strong></span> <span class='ocrx_word' id='word_1_203' title='bbox 1959 2941 2405 3027; x_wconf 83' lang='lat' dir='ltr'><strong>dignitatibus</strong></span> <span class='ocrx_word' id='word_1_204' title='bbox 2466 2948 2537 3008; x_wconf 87' lang='lat' dir='ltr'><strong>et</strong></span> <span class='ocrx_word' id='word_1_205' title='bbox 2604 2942 2992 3022; x_wconf 80' lang='lat' dir='ltr'><strong>honoribuS,</strong></span> 
     </span>
     <span class='ocr_line' id='line_1_27' title="bbox 591 3044 2994 3128; baseline 0 -16"><span class='ocrx_word' id='word_1_206' title='bbox 591 3044 828 3127; x_wconf 86' lang='lat' dir='ltr'><strong>quibus</strong></span> <span class='ocrx_word' id='word_1_207' title='bbox 872 3044 990 3111; x_wconf 86' lang='lat' dir='ltr'><strong>alii</strong></span> <span class='ocrx_word' id='word_1_208' title='bbox 1037 3044 1376 3128; x_wconf 89' lang='lat' dir='ltr'><strong>principes</strong></span> <span class='ocrx_word' id='word_1_209' title='bbox 1421 3045 1812 3113; x_wconf 88' lang='lat' dir='ltr'><strong>Alemaniae</strong></span> <span class='ocrx_word' id='word_1_210' title='bbox 1864 3046 2105 3113; x_wconf 85' lang='lat' dir='ltr'><strong>vasalli</strong></span> <span class='ocrx_word' id='word_1_211' title='bbox 2169 3046 2495 3114; x_wconf 81' lang='lat' dir='ltr'><strong>hactenus</strong></span> <span class='ocrx_word' id='word_1_212' title='bbox 2554 3044 2662 3112; x_wconf 90' lang='lat' dir='ltr'><strong>usi</strong></span> <span class='ocrx_word' id='word_1_213' title='bbox 2704 3052 2879 3115; x_wconf 89' lang='lat' dir='ltr'><strong>sunt</strong></span> <span class='ocrx_word' id='word_1_214' title='bbox 2922 3052 2994 3114; x_wconf 83' lang='lat' dir='ltr'><strong>et</strong></span> 
     </span>
     <span class='ocr_line' id='line_1_28' title="bbox 589 3146 2989 3234; baseline -0 -19"><span class='ocrx_word' id='word_1_215' title='bbox 589 3153 884 3234; x_wconf 85' lang='lat' dir='ltr'><strong>utentur,</strong></span> <span class='ocrx_word' id='word_1_216' title='bbox 929 3146 1144 3230; x_wconf 88' lang='lat' dir='ltr'><strong>ipsum</strong></span> <span class='ocrx_word' id='word_1_217' title='bbox 1190 3150 1422 3216; x_wconf 90' lang='lat' dir='ltr'><strong>ducem</strong></span> <span class='ocrx_word' id='word_1_218' title='bbox 1475 3149 1840 3234; x_wconf 87' lang='lat' dir='ltr'><strong>Nicolaum,</strong></span> <span class='ocrx_word' id='word_1_219' title='bbox 1899 3151 2180 3218; x_wconf 89' lang='lat' dir='ltr'><strong>heredes</strong></span> <span class='ocrx_word' id='word_1_220' title='bbox 2228 3157 2299 3218; x_wconf 85' lang='lat' dir='ltr'><strong>et</strong></span> <span class='ocrx_word' id='word_1_221' title='bbox 2344 3167 2773 3218; x_wconf 86' lang='lat' dir='ltr'><strong>successores</strong></span> <span class='ocrx_word' id='word_1_222' title='bbox 2840 3152 2989 3219; x_wconf 85' lang='lat' dir='ltr'><strong>eius</strong></span> 
     </span>
     <span class='ocr_line' id='line_1_29' title="bbox 598 3252 2653 3341; baseline 0.002 -22"><span class='ocrx_word' id='word_1_223' title='bbox 598 3252 948 3335; x_wconf 84' lang='lat' dir='ltr'><strong>utriusque</strong></span> <span class='ocrx_word' id='word_1_224' title='bbox 992 3270 1214 3338; x_wconf 80' lang='lat' dir='ltr'><strong>sexus,</strong></span> <span class='ocrx_word' id='word_1_225' title='bbox 1257 3254 1587 3340; x_wconf 83' lang='lat' dir='ltr'><strong>insigniri,</strong></span> <span class='ocrx_word' id='word_1_226' title='bbox 1631 3255 1839 3339; x_wconf 89' lang='lat' dir='ltr'><strong>potiri</strong></span> <span class='ocrx_word' id='word_1_227' title='bbox 1882 3254 2184 3325; x_wconf 89' lang='lat' dir='ltr'><strong>volumus</strong></span> <span class='ocrx_word' id='word_1_228' title='bbox 2229 3260 2300 3323; x_wconf 89' lang='lat' dir='ltr'><strong>et</strong></span> <span class='ocrx_word' id='word_1_229' title='bbox 2344 3256 2653 3341; x_wconf 83' lang='lat' dir='ltr'><strong>gaudere.</strong></span> 
     </span>
    </p>

    <p class='ocr_par' dir='ltr' id='par_1_6' title="bbox 589 3357 3001 4163">
     <span class='ocr_line' id='line_1_30' title="bbox 795 3357 2993 3445; baseline 0 -19"><span class='ocrx_word' id='word_1_230' title='bbox 795 3357 1292 3427; x_wconf 88' lang='lat' dir='ltr'><strong>Renuntiantes</strong></span> <span class='ocrx_word' id='word_1_231' title='bbox 1338 3377 1660 3443; x_wconf 86' lang='lat' dir='ltr'><strong>expresse</strong></span> <span class='ocrx_word' id='word_1_232' title='bbox 1702 3360 1774 3429; x_wconf 91' lang='lat' dir='ltr'><strong>in</strong></span> <span class='ocrx_word' id='word_1_233' title='bbox 1818 3360 1923 3429; x_wconf 89' lang='lat' dir='ltr'><strong>his</strong></span> <span class='ocrx_word' id='word_1_234' title='bbox 1968 3359 2243 3445; x_wconf 89' lang='lat' dir='ltr'><strong>scriptis</strong></span> <span class='ocrx_word' id='word_1_235' title='bbox 2287 3378 2409 3443; x_wconf 88' lang='lat' dir='ltr'><strong>pro</strong></span> <span class='ocrx_word' id='word_1_236' title='bbox 2454 3358 2644 3428; x_wconf 89' lang='lat' dir='ltr'><strong>nobis</strong></span> <span class='ocrx_word' id='word_1_237' title='bbox 2686 3366 2762 3427; x_wconf 87' lang='lat' dir='ltr'><strong>et</strong></span> <span class='ocrx_word' id='word_1_238' title='bbox 2794 3361 2993 3429; x_wconf 86' lang='lat' dir='ltr'><strong>here·</strong></span> 
     </span>
     <span class='ocr_line' id='line_1_31' title="bbox 591 3462 2995 3552; baseline 0.002 -23"><span class='ocrx_word' id='word_1_239' title='bbox 591 3462 786 3531; x_wconf 89' lang='lat' dir='ltr'><strong>dibus</strong></span> <span class='ocrx_word' id='word_1_240' title='bbox 831 3462 1102 3549; x_wconf 91' lang='lat' dir='ltr'><strong>nostris,</strong></span> <span class='ocrx_word' id='word_1_241' title='bbox 1143 3465 1418 3551; x_wconf 82' lang='lat' dir='ltr'><strong>regibus</strong></span> <span class='ocrx_word' id='word_1_242' title='bbox 1462 3464 1557 3550; x_wconf 90' lang='lat' dir='ltr'><strong>B.,</strong></span> <span class='ocrx_word' id='word_1_243' title='bbox 1603 3466 1780 3534; x_wconf 90' lang='lat' dir='ltr'><strong>omni</strong></span> <span class='ocrx_word' id='word_1_244' title='bbox 1824 3466 2285 3552; x_wconf 86' lang='lat' dir='ltr'><strong>indignationi,</strong></span> <span class='ocrx_word' id='word_1_245' title='bbox 2320 3466 2378 3532; x_wconf 91' lang='lat' dir='ltr'><strong>si</strong></span> <span class='ocrx_word' id='word_1_246' title='bbox 2412 3484 2607 3547; x_wconf 86' lang='lat' dir='ltr'><strong>quam</strong></span> <span class='ocrx_word' id='word_1_247' title='bbox 2640 3465 2827 3533; x_wconf 90' lang='lat' dir='ltr'><strong>idem</strong></span> <span class='ocrx_word' id='word_1_248' title='bbox 2860 3468 2995 3533; x_wconf 86' lang='lat' dir='ltr'><strong>dux</strong></span> 
     </span>
     <span class='ocr_line' id='line_1_32' title="bbox 591 3566 2995 3655; baseline 0.001 -20"><span class='ocrx_word' id='word_1_249' title='bbox 591 3566 670 3637; x_wconf 87' lang='lat' dir='ltr'><strong>N.</strong></span> <span class='ocrx_word' id='word_1_250' title='bbox 713 3569 801 3635; x_wconf 86' lang='lat' dir='ltr'><strong>ad</strong></span> <span class='ocrx_word' id='word_1_251' title='bbox 845 3568 1012 3635; x_wconf 89' lang='lat' dir='ltr'><strong>haec</strong></span> <span class='ocrx_word' id='word_1_252' title='bbox 1056 3586 1267 3652; x_wconf 86' lang='lat' dir='ltr'><strong>usque</strong></span> <span class='ocrx_word' id='word_1_253' title='bbox 1313 3576 1616 3653; x_wconf 88' lang='lat' dir='ltr'><strong>tempora</strong></span> <span class='ocrx_word' id='word_1_254' title='bbox 1660 3588 2053 3653; x_wconf 86' lang='lat' dir='ltr'><strong>quocunque</strong></span> <span class='ocrx_word' id='word_1_255' title='bbox 2096 3588 2257 3639; x_wconf 86' lang='lat' dir='ltr'><strong>casu</strong></span> <span class='ocrx_word' id='word_1_256' title='bbox 2304 3570 2719 3655; x_wconf 86' lang='lat' dir='ltr'><strong>incurrisset,</strong></span> <span class='ocrx_word' id='word_1_257' title='bbox 2786 3572 2995 3638; x_wconf 87' lang='lat' dir='ltr'><strong>omni-</strong></span> 
     </span>
     <span class='ocr_line' id='line_1_33' title="bbox 589 3672 2996 3759; baseline 0.002 -20"><span class='ocrx_word' id='word_1_258' title='bbox 589 3673 847 3755; x_wconf 87' lang='lat' dir='ltr'><strong>busque</strong></span> <span class='ocrx_word' id='word_1_259' title='bbox 871 3690 952 3740; x_wconf 88' lang='lat' dir='ltr'><strong>ac</strong></span> <span class='ocrx_word' id='word_1_260' title='bbox 976 3672 1260 3759; x_wconf 82' lang='lat' dir='ltr'><strong>singulis</strong></span> <span class='ocrx_word' id='word_1_261' title='bbox 1290 3673 1669 3744; x_wconf 85' lang='lat' dir='ltr'><strong>actionibus</strong></span> <span class='ocrx_word' id='word_1_262' title='bbox 1700 3682 1773 3743; x_wconf 91' lang='lat' dir='ltr'><strong>et</strong></span> <span class='ocrx_word' id='word_1_263' title='bbox 1804 3675 2323 3759; x_wconf 78' lang='lat' dir='ltr'><strong>quaestionibus,</strong></span> <span class='ocrx_word' id='word_1_264' title='bbox 2354 3676 2587 3743; x_wconf 89' lang='lat' dir='ltr'><strong>litibus</strong></span> <span class='ocrx_word' id='word_1_265' title='bbox 2620 3682 2692 3742; x_wconf 87' lang='lat' dir='ltr'><strong>et</strong></span> <span class='ocrx_word' id='word_1_266' title='bbox 2722 3682 2996 3743; x_wconf 88' lang='lat' dir='ltr'><strong>contro-</strong></span> 
     </span>
     <span class='ocr_line' id='line_1_34' title="bbox 593 3777 2999 3863; baseline 0.001 -18"><span class='ocrx_word' id='word_1_267' title='bbox 593 3777 854 3863; x_wconf 79' lang='lat' dir='ltr'><strong>versiiS,</strong></span> <span class='ocrx_word' id='word_1_268' title='bbox 898 3796 1064 3859; x_wconf 80' lang='lat' dir='ltr'><strong>quas</strong></span> <span class='ocrx_word' id='word_1_269' title='bbox 1111 3797 1232 3847; x_wconf 88' lang='lat' dir='ltr'><strong>nos</strong></span> <span class='ocrx_word' id='word_1_270' title='bbox 1277 3784 1621 3863; x_wconf 75' lang='lat' dir='ltr'><strong>possemus</strong></span> <span class='ocrx_word' id='word_1_271' title='bbox 1652 3785 1773 3849; x_wconf 89' lang='lat' dir='ltr'><strong>aut</strong></span> <span class='ocrx_word' id='word_1_272' title='bbox 1805 3779 2087 3849; x_wconf 89' lang='lat' dir='ltr'><strong>heredes</strong></span> <span class='ocrx_word' id='word_1_273' title='bbox 2119 3781 2333 3847; x_wconf 89' lang='lat' dir='ltr'><strong>nostri</strong></span> <span class='ocrx_word' id='word_1_274' title='bbox 2363 3785 2643 3863; x_wconf 86' lang='lat' dir='ltr'><strong>possent</strong></span> <span class='ocrx_word' id='word_1_275' title='bbox 2669 3780 2809 3863; x_wconf 88' lang='lat' dir='ltr'><strong>ipsi</strong></span> <span class='ocrx_word' id='word_1_276' title='bbox 2842 3782 2999 3849; x_wconf 89' lang='lat' dir='ltr'><strong>duci</strong></span> 
     </span>
     <span class='ocr_line' id='line_1_35' title="bbox 593 3880 3001 3970; baseline 0.002 -22"><span class='ocrx_word' id='word_1_277' title='bbox 593 3880 671 3949; x_wconf 89' lang='lat' dir='ltr'><strong>N.</strong></span> <span class='ocrx_word' id='word_1_278' title='bbox 719 3886 790 3950; x_wconf 85' lang='lat' dir='ltr'><strong>et</strong></span> <span class='ocrx_word' id='word_1_279' title='bbox 833 3882 1193 3951; x_wconf 86' lang='lat' dir='ltr'><strong>heredibus</strong></span> <span class='ocrx_word' id='word_1_280' title='bbox 1239 3882 1382 3968; x_wconf 85' lang='lat' dir='ltr'><strong>ejus</strong></span> <span class='ocrx_word' id='word_1_281' title='bbox 1414 3884 1763 3967; x_wconf 86' lang='lat' dir='ltr'><strong>utriusque</strong></span> <span class='ocrx_word' id='word_1_282' title='bbox 1794 3904 1994 3954; x_wconf 85' lang='lat' dir='ltr'><strong>sexus</strong></span> <span class='ocrx_word' id='word_1_283' title='bbox 2028 3904 2229 3968; x_wconf 90' lang='lat' dir='ltr'><strong>super</strong></span> <span class='ocrx_word' id='word_1_284' title='bbox 2259 3885 2626 3970; x_wconf 86' lang='lat' dir='ltr'><strong>praedictis</strong></span> <span class='ocrx_word' id='word_1_285' title='bbox 2658 3886 3001 3967; x_wconf 53' lang='lat' dir='ltr'><strong>dominiis</strong></span> 
     </span>
     <span class='ocr_line' id='line_1_36' title="bbox 593 3984 2998 4075; baseline 0.002 -23"><span class='ocrx_word' id='word_1_286' title='bbox 593 3984 832 4071; x_wconf 81' lang='lat' dir='ltr'><strong>titulis,</strong></span> <span class='ocrx_word' id='word_1_287' title='bbox 869 3988 1150 4073; x_wconf 77' lang='lat' dir='ltr'><strong>JuribuS,</strong></span> <span class='ocrx_word' id='word_1_288' title='bbox 1197 3990 1728 4072; x_wconf 87' lang='lat' dir='ltr'><strong>possessionibus</strong></span> <span class='ocrx_word' id='word_1_289' title='bbox 1775 3996 1846 4058; x_wconf 94' lang='lat' dir='ltr'><strong>et</strong></span> <span class='ocrx_word' id='word_1_290' title='bbox 1894 3990 2301 4057; x_wconf 86' lang='lat' dir='ltr'><strong>utilitatibus</strong></span> <span class='ocrx_word' id='word_1_291' title='bbox 2360 3990 2670 4075; x_wconf 86' lang='lat' dir='ltr'><strong>ingerere</strong></span> <span class='ocrx_word' id='word_1_292' title='bbox 2732 3992 2998 4075; x_wconf 84' lang='lat' dir='ltr'><strong>aliqua·</strong></span> 
     </span>
     <span class='ocr_line' id='line_1_37' title="bbox 593 4092 1277 4163; baseline 0.003 -6"><span class='ocrx_word' id='word_1_293' title='bbox 593 4096 792 4159; x_wconf 88' lang='lat' dir='ltr'><strong>tenus</strong></span> <span class='ocrx_word' id='word_1_294' title='bbox 838 4092 948 4159; x_wconf 87' lang='lat' dir='ltr'><strong>vel</strong></span> <span class='ocrx_word' id='word_1_295' title='bbox 992 4110 1277 4163; x_wconf 90' lang='lat' dir='ltr'><strong>movere.</strong></span> 
     </span>
    </p>

    <p class='ocr_par' dir='ltr' id='par_1_7' title="bbox 588 4195 3005 4390">
     <span class='ocr_line' id='line_1_38' title="bbox 805 4195 3005 4273; baseline 0.002 -9"><span class='ocrx_word' id='word_1_296' title='bbox 805 4195 1230 4264; x_wconf 87' lang='lat' dir='ltr'><strong>Revocantes</strong></span> <span class='ocrx_word' id='word_1_297' title='bbox 1297 4196 1501 4264; x_wconf 90' lang='lat' dir='ltr'><strong>etiam</strong></span> <span class='ocrx_word' id='word_1_298' title='bbox 1569 4202 1654 4265; x_wconf 91' lang='lat' dir='ltr'><strong>de</strong></span> <span class='ocrx_word' id='word_1_299' title='bbox 1722 4205 1910 4265; x_wconf 86' lang='lat' dir='ltr'><strong>certa</strong></span> <span class='ocrx_word' id='word_1_300' title='bbox 1977 4203 2209 4267; x_wconf 89' lang='lat' dir='ltr'><strong>nostra</strong></span> <span class='ocrx_word' id='word_1_301' title='bbox 2276 4200 2561 4267; x_wconf 86' lang='lat' dir='ltr'><strong>scientia</strong></span> <span class='ocrx_word' id='word_1_302' title='bbox 2628 4218 2872 4273; x_wconf 85' lang='lat' dir='ltr'><strong>omnes</strong></span> <span class='ocrx_word' id='word_1_303' title='bbox 2934 4206 3005 4272; x_wconf 90' lang='lat' dir='ltr'><strong>et</strong></span> 
     </span>
     <span class='ocr_line' id='line_1_39' title="bbox 588 4300 3003 4390; baseline 0.004 -23"><span class='ocrx_word' id='word_1_304' title='bbox 588 4300 900 4385; x_wconf 83' lang='lat' dir='ltr'><strong>singulas</strong></span> <span class='ocrx_word' id='word_1_305' title='bbox 946 4301 1358 4385; x_wconf 83' lang='lat' dir='ltr'><strong>donationes,</strong></span> <span class='ocrx_word' id='word_1_306' title='bbox 1405 4302 1975 4387; x_wconf 80' lang='lat' dir='ltr'><strong>inpheudationes,</strong></span> <span class='ocrx_word' id='word_1_307' title='bbox 2020 4304 2503 4390; x_wconf 74' lang='lat' dir='ltr'><strong>concessioneS,</strong></span> <span class='ocrx_word' id='word_1_308' title='bbox 2545 4305 3003 4389; x_wconf 83' lang='lat' dir='ltr'><strong>obligationes</strong></span> 
     </span>
    </p>
   </div>
   <div class='ocr_carea' id='block_1_4' title="bbox 3181 2701 3182 3891">
    <p class='ocr_par' dir='ltr' id='par_1_8' title="bbox 3181 2701 3182 3891">
     <span class='ocr_line' id='line_1_40' title="bbox 3181 2701 3182 3891; baseline 0 0"><span class='ocrx_word' id='word_1_309' title='bbox 3181 2701 3182 3891; x_wconf 95' lang='lat' dir='ltr'><strong> </strong></span> 
     </span>
    </p>
   </div>
   <div class='ocr_carea' id='block_1_5' title="bbox 3181 4076 3182 4907">
    <p class='ocr_par' dir='ltr' id='par_1_9' title="bbox 3181 4076 3182 4907">
     <span class='ocr_line' id='line_1_41' title="bbox 3181 4076 3182 4907; baseline 0 0"><span class='ocrx_word' id='word_1_310' title='bbox 3181 4076 3182 4907; x_wconf 95' lang='lat' dir='ltr'><strong> </strong></span> 
     </span>
    </p>
   </div>
  </div>
 </body>
</html>
