3288 4973
1364 391 1754 451 -441—

566 588 719 654 424.
768 586 1130 659 Wilhelm
1184 590 1554 679 landgraf
1591 610 1690 660 zu
1737 588 2184 677 Thiiringen
2230 611 2299 659 u.
2351 590 2760 680 markgraf

354 706 459 755 zu
506 688 855 777 Meissen‚
903 691 1170 781 gelobt
1213 692 1383 765 dem
1434 694 1531 765 Κ.
1580 692 1776 764 Karl
1837 694 1966 765 IV.
2014 712 2086 764 u.
2135 694 2421 764 neinem
2464 692 2753 765 bruder

350 790 409 860 J
410 789 663 863 ohann
710 794 1209 883 markgrafen
1255 818 1353 867 zu
1402 797 1782 884 Maehren‚
1832 798 1968 869 des
2014 797 2390 868 letzteren
2448 798 2754 869 toehter

350 893 755 967 Elisabeth
797 898 1077 971 binnen
1125 900 1305 972 aoht
1338 900 1618 991 jahren
1667 920 1810 971 znr
1852 899 1992 972 elie
2039 920 2136 970 zn
2167 900 2486 973 nehmen
2516 920 2589 971 ιι.
2623 902 2752 973 ihr

352 1000 603 1069 12.000
646 1000 805 1071 seh.
855 1003 980 1074 Pr.
1028 1025 1148 1092 gr.
1196 1026 1339 1075 zur
1383 1005 1880 1093 leibgedinge
1925 1004 2431 1077 anzuweisen.

1034 1130 1227 1214 1358,
1274 1132 1338 1197 1.
1385 1126 1669 1197 Martii.
1718 1127 2101 1215 (Pragae.)

573 1252 797 1339 (Arch.
844 1253 912 1322 S.
968 1255 1197 1339 Wonc.)

533 1445 724 1511 ‘425.
756 1443 1127 1519 Albertns
1168 1447 1534 1517 Austriae
1573 1447 1728 1516 dux
1768 1447 2011 1518 tradit
2048 1447 2404 1535 antiquas
2443 1448 2752 1519 litteras

354 1549 701 1617 castrum
746 1546 971 1620 Floss
1018 1550 1431 1622 attinentes
1479 1551 1757 1623 Cat-olo
1804 1552 1999 1639 regi.

1219 1676 1415 1758 1358,
1462 1677 1526 1744 2.
1571 1674 1896 1762 Aprilis.

572 1808 700 1863 List
736 1810 1042 1865 Albi-eahta
1080 1812 1339 1865 kniezete
1377 1813 1712 1880 raktiskeho,
1745 1819 1810 1866 ze
1849 1813 1897 1867 ti
1933 1814 2138 1869 listove
2173 1830 2245 1867 na
2277 1814 2409 1869 Flos
2456 1814 2629 1870 nikda
2657 1815 2754 1884 jsii

354 1912 395 1950 v
434 1896 578 1949 moci
616 1895 803 1964 nebyli
842 1897 1000 1952 krale
1036 1898 1182 1953 Jana
1220 1900 1458 1955 ceskeho
1498 1899 1589 1953 ani
1628 1900 1842 1954 eiesaie
1889 1901 2076 1966 Kal-la,
2126 1916 2264 1967 syna
2307 1900 2458 1968 jeho,
2511 1900 2636 1955 aniz
2687 1906 2753 1956 sii

358 2000 393 2037 ο
434 1984 561 2037 nich
598 1984 799 2053 vedast,
836 1990 941 2039 nez
979 1989 1045 2039 ze
1080 1996 1281 2053 tepruv
1317 1986 1605 2055 Albreeht‚
1644 1986 1843 2041 knieze
1881 1988 2144 2055 rakiisky,
2183 1986 2368 2041 nalezl
2386 1989 2507 2057 jest
2525 1988 2585 2057 je
2613 1988 2752 2043 mezi

354 2070 537 2137 svymi
572 2069 712 2138 listy
748 2087 783 2125 a
819 2077 885 2125 ἑο
916 2073 972 2141 je
1010 2090 1079 2140 po
1118 2074 1290 2139 svych
1329 2072 1573 2128 raddaoh
1610 2073 1756 2127 krali
1795 2075 2052 2129 &eskemu
2093 2074 2278 2127 vratil.

572 2195 710 2261 Nos
779 2195 1103 2283 Albertus
1172 2198 1248 2261 D.
1318 2218 1413 2279 gr.
1474 2197 1814 2278 Austriae‚
1883 2197 2152 2279 Styriae
2227 2201 2299 2263 et
2367 2196 2754 2264 Carinthiae

358 2302 517 2383 dux,
565 2300 866 2366 dominus
914 2300 1283 2384 carniolae,
1330 2302 1674 2368 Marehiae
1723 2310 1791 2367 et
1837 2301 2082 2367 Portus
2129 2300 2400 2381 NaoniS,
2437 2320 2653 2367 comes
2687 2302 2755 2368 in

360 2404 725 2490 Habspurg
768 2410 839 2471 et
884 2407 951 2471 in
997 2404 1293 2490 Kyburg,
1343 2406 1778 2489 landgravius
1809 2404 2136 2486 Aisatiae,
2167 2405 2470 2471 dominus
2503 2406 2753 2489 Phyre·

360 2521 603 2577 tarum.
668 2511 910 2578 Notum
946 2511 1253 2580 ‘facimus
1316 2511 1664 2594 universis,
1725 2512 1899 2592 quod
1960 2509 2437 2591 infrascriptae
2495 2510 2755 2594 literae,

362 2633 645 2696 quarum
708 2621 902 2682 tenor
948 2623 1016 2681 et
1062 2616 1406 2682 sententia
1468 2615 1916 2697 subsequitur,
1975 2617 2044 2680 in
2093 2620 2433 2696 potestate
2480 2633 2594 2682 seu
2643 2619 2754 2681 do-

362 2719 566 2785 minio
612 2719 1023 2787 serenissimi
1082 2739 1162 2786 ac
1223 2719 1650 2786 invictissimi
1709 2719 2034 2801 principis
2090 2718 2356 2802 domini,
2414 2719 2474 2783 d.
2537 2719 2754 2785 Caroli

364 2823 441 2890 R.
491 2824 544 2890 Ι.
592 2843 639 2890 S.
708 2843 763 2890 a.
814 2833 883 2890 et
944 2827 1017 2892 B.
1082 2825 1259 2908 regis
1323 2825 1623 2906 illustriS‚
1688 2823 1936 2890 domini
1999 2823 2213 2889 nostri
2276 2822 2575 2906 gratiosi,
2635 2841 2754 2889 seu

364 2929 767 2995 recolendae
844 2929 1194 2995 memoriae
1274 2931 1333 2995 d.
1401 2928 1707 3010 Joannis,
1782 2927 2109 3008 quondam
2181 2927 2492 2992 Boemiae
2559 2927 2758 3010 regiS,

368 3034 581 3115 patris
630 3033 753 3114 sui,
798 3050 1132 3114 nunquam
1175 3033 1465 3108 fuerunt,
1514 3033 1633 3098 sed
1681 3033 1855 3112 quod
1902 3032 2079 3111 apud
2126 3047 2244 3094 nos
2293 3034 2363 3095 et
2409 3029 2476 3094 in
2507 3030 2754 3096 nostris

366 3136 637 3205 scriniis
684 3144 1093 3204 secretorum
1144 3142 1443 3202 nostrum
1490 3153 1704 3218 nuper
1749 3141 1819 3200 et
1866 3143 2176 3201 recenter
2237 3133 2555 3198 inventae
2601 3134 2757 3218 sint,

364 3261 447 3307 ae
492 3243 757 3309 domino
802 3251 1031 3309 nostro
1079 3241 1383 3323 praefato
1444 3244 1568 3308 sub
1630 3242 1789 3306 dato
1851 3237 2230 3320 praesent-is
2291 3237 2531 3303 literae
2589 3239 2756 3304 assi-

366 3353 573 3429 gnata
621 3366 741 3428 per
784 3347 1041 3413 nobiles
1088 3347 1563 3430 Burghardum,
1596 3343 2067 3426 burggravium
2101 3341 2757 3426 Magdeburgensem,

366 3458 437 3517 et
482 3453 835 3520 Albertum
880 3453 964 3518 de
1012 3451 1348 3532 Bueheim‚
1400 3451 1629 3515 fideles
1696 3457 1982 3530 nostroe,
2043 3447 2282 3526 quibus
2343 3444 2524 3526 ipsas
2589 3447 2754 3511 assi-

362 3553 716 3637 gnavimus
764 3554 941 3620 dieto
991 3555 1249 3621 domino
1280 3561 1509 3619 nostro
1542 3549 1956 3619 deferendas.
1991 3551 2213 3616 Tenor
2248 3557 2470 3616 autem
2504 3551 2752 3632 primae

366 3659 611 3728 literae
656 3659 815 3726 talis
846 3667 987 3726 est:

480 3811 487 3820 ·
575 3782 896 3870 (Litterae
926 3777 1257 3844 Friderici
1283 3778 1368 3845 ΙΙ.
1398 3777 1562 3860 Imp.
1594 3777 1742 3843 cido.
1775 3773 2082 3839 Basileae
2120 3796 2180 3841 a.
2217 3773 2413 3857 1212,
2443 3774 2542 3841 26.
2575 3770 2759 3857 Sept.

368 3884 815 3975 [donationes]
862 3893 923 3948 et
966 3881 1221 3965 Melfiae
1264 3904 1325 3948 a.
1367 3881 1531 3943 1231
1596 3900 1806 3944 meme
1860 3875 2044 3942 Julio
2091 3875 2516 3964 [investitura
2567 3874 2755 3938 Wan-

366 3991 568 4054 eoelai
608 3989 663 4058 Ι.
707 3987 934 4075 regies.
982 4023 1069 4040 --
1126 3985 1279 4051 Vide
1328 3983 1393 4052 C.
1420 3987 1481 4069 j.
1531 3983 1584 4050 b.
1632 3983 1682 4046 I.
1728 4004 1790 4049 π.
1836 3983 1921 4046 25
1965 3989 2026 4046 et
2068 3979 2199 4064 34.)

574 4111 794 4193 Igitur
838 4109 911 4176 in
953 4106 1402 4174 testimoninm
1450 4111 1576 4170 ete.

576 4231 824 4298 Datum
870 4229 1171 4296 Viennae
1217 4247 1273 4294 a.
1323 4227 1402 4292 D.
1454 4230 1639 4307 1358,
1687 4223 1980 4289 secunda
2021 4221 2292 4304 Aprilis,

573 4351 695 4436 (A.
746 4349 835 4420 K.
887 4389 972 4398 -—
1016 4347 1229 4413 Pelzel
1274 4347 1349 4415 K.
1394 4345 1561 4410 Kar-l
1606 4345 1719 4410 IV.
1769 4341 1917 4407 Urk.
1969 4341 2308 4428 CCLVII.)
