3288 4973
1290 401 1375 411 —-
1422 370 1545 430 :305
1592 401 1676 409 --

498 580 557 640 2.
604 579 677 640 et
707 573 867 640 licet
898 573 1179 655 insignis
1210 574 1498 638 ducatus
1526 573 2106 645 Wratislaviensis
2139 577 2209 640 et
2240 573 2502 646 Sleziae
2535 594 2680 644 cum

315 679 437 744 suis
479 678 783 755 omnibus
852 676 1279 759 pertinentiis
1340 678 1425 742 ad
1486 675 1651 741 utile
1699 684 1770 743 et
1814 677 2264 745 immediatum
2325 678 2678 746 dominium

312 781 654 848 illustrium
729 783 1055 862 quondam
1124 782 1199 848 Β.
1268 799 1513 864 regum,
1582 781 2078 865 progenitorum
2142 787 2536 867 nostrorum,
2613 791 2683 851 et

316 905 606 953 coronam
654 887 844 972 regni
893 887 964 954 B.
1012 885 1426 968 spectaverit
1472 886 1555 950 ab
1602 887 1895 967 antiquo,
1926 887 2103 953 sicut
2132 888 2256 953 hoc
2288 889 2684 956 recolendae

310 991 646 1058 memoriae
692 976 831 1057 divi
874 989 1139 1057 Rudolfi
1184 989 1261 1057 R.
1310 991 1510 1073 regis,
1567 992 2103 1072 praedecessoris
2145 993 2379 1075 nostri,
2411 993 2680 1060 litterae

310 1095 673 1178 ostendunt,
718 1096 787 1160 in
832 1113 1106 1174 quarum
1153 1093 1363 1176 prima
1407 1095 1736 1174 quandam
1781 1095 2263 1162 ordinationem
2308 1098 2488 1165 inter
2532 1095 2680 1164 illu-

310 1204 495 1266 strem
538 1199 1003 1266 Wenceslaum
1036 1200 1362 1280 quondam
1412 1199 1485 1263 B.
1517 1217 1762 1282 regem,
1793 1218 2112 1280 proavum
2147 1207 2444 1268 nostrum
2479 1203 2682 1269 caris-

308 1304 541 1388 simum,
590 1322 673 1370 ex
718 1321 851 1369 una
896 1307 966 1368 et
1010 1301 1371 1370 Henricum
1419 1304 1648 1369 ducem
1697 1303 2326 1372 wratislaviensem
2361 1311 2554 1387 parte
2595 1325 2676 1374 ex

310 1408 507 1474 altera
554 1409 713 1492 (vid.
740 1409 915 1488 quod
942 1409 1161 1475 dictus
1197 1406 1632 1474 Wenceslaus
1666 1426 1784 1474 rex
1819 1408 2027 1476 eidem
2063 1409 2398 1484 Heinrico‚
2435 1409 2682 1476 Wrati-

306 1512 547 1578 slaviae
592 1518 665 1578 et
710 1511 971 1578 Sleziae
1018 1510 1187 1594 duci,
1220 1510 1289 1576 in
1322 1529 1482 1576 casu
1516 1511 1573 1576 si
1609 1512 1840 1577 ducem
1877 1513 2202 1594 praemori
2237 1515 2678 1598 contingeret,
2765 1503 2768 1507 ’

308 1616 367 1681 in
389 1615 749 1698 praemisso
782 1617 1030 1682 ducatu
1066 1614 1609 1682 wratislaviensi
1642 1621 1713 1680 et
1743 1614 2006 1682 Sleziae
2039 1617 2243 1682 terris
2276 1621 2347 1682 et
2378 1617 2678 1684 omnibus

307 1719 599 1786 dominiis
645 1721 784 1785 suis
831 1721 1111 1786 deberet
1155 1719 1541 1804 succedere)
1608 1738 1728 1801 per
1773 1719 2135 1787 se·factam
2182 1719 2446 1802 asserit,
2495 1727 2565 1786 et
2611 1721 2678 1788 in

307 1825 586 1890 secunda
632 1823 923 1905 ipsarum
970 1822 1151 1890 dicto
1198 1823 1513 1890 Heinrico
1570 1823 1740 1890 duce
1790 1825 1929 1908 jam
1991 1824 2253 1890 sublato
2319 1827 2399 1890 de
2445 1825 2679 1908 medio,

308 1928 706 2007 praedictum
754 1944 977 2009 regem
1028 1927 1511 2009 Wenceslaum,
1558 1928 1838 1993 heredes
1887 1935 1956 1994 et
1997 1945 2420 1995 successores
2452 1929 2683 2010 ipsius,

310 2031 372 2096 Β.
404 2049 617 2116 regeS,
649 2033 732 2098 de
764 2033 1010 2097 ducatu
1046 2031 1587 2098 Wratislaviensi
1621 2037 1692 2097 et
1725 2031 2004 2113 Sleziae,
2032 2033 2234 2099 terris
2265 2037 2336 2097 et
2377 2032 2680 2098 dominiis

308 2135 617 2215 praefatis
640 2151 957 2218 tanquam
981 2139 1139 2202 actu
1164 2136 1580 2218 vacantibus„
1614 2141 1889 2216 propter
1917 2137 2124 2202 multa
2157 2141 2353 2219 grata
2386 2133 2683 2220 servitia,

308 2257 465 2318 quae
511 2239 811 2306 illustres
851 2239 921 2304 Β.
957 2257 1149 2322 reges
1182 2257 1370 2305 sacro
1404 2239 1585 2326 Rom.
1619 2239 1904 2320 Imperio
1939 2239 2260 2322 fecerant,
2293 2240 2678 2306 solemniter

306 2343 663 2424 investivit,
710 2343 994 2410 lucidius
1029 2349 1477 2409 attestantur:
1526 2349 1753 2410 tamen
1783 2343 2068 2409 illustris
2099 2344 2146 2409 J
2149 2345 2442 2412 ohannes
2478 2362 2679 2424 quon-

308 2447 445 2514 dam
504 2449 577 2515 B.
625 2467 763 2532 rex,
808 2448 1070 2531 genitor
1124 2454 1355 2514 noster
1413 2446 1777 2530 praefatus,
1839 2465 1986 2515 cum
2032 2448 2349 2516 Heinrico
2399 2449 2680 2533 septimo

307 2558 369 2615 et
412 2552 639 2619 ultimo
690 2552 1165 2620 Wratislaviae
1221 2556 1291 2618 et
1338 2552 1597 2619 Sleziae
1659 2554 1845 2633 duce,
1908 2553 2158 2620 sororio
2223 2560 2474 2637 nostro,
2532 2556 2682 2621 dum

307 2662 575 2737 uterque
619 2658 910 2738 ipsorum
956 2658 1165 2723 vitam
1214 2663 1491 2739 agerent
1536 2658 1604 2724 in
1652 2658 1978 2741 humaniS,
2031 2660 2360 2739 quandam
2417 2660 2677 2725 ordina-

305 2760 542 2826 tionem
582 2760 738 2827 iniit
762 2766 831 2826 et
860 2760 1189 2826 tractavit
1220 2760 1380 2845 (vid.
1401 2763 1581 2853 'quod
1621 2762 1843 2827 dictus
1876 2763 2008 2827 dux
2041 2762 2398 2828 Heinricus
2429 2760 2678 2829 terram

306 2872 369 2928 et.
414 2866 795 2931 districtum
840 2864 1235 2931 Glacensem
1297 2883 1442 2930 cum
1504 2863 1911 2946 vasallagiiS,
1957 2866 2185 2948 feodiS,
2248 2848 2552 2931 dominiis
2617 2872 2686 2931 et

308 2969 597 3035 omnibus
642 2968 1071 3051 pertinentiis
1134 2970 1273 3035 suis
1321 2972 1403 3035 de
1450 2986 1781 3035 consensu
1847 2969 2010 3034 dicti
2069 2971 2390 3052 genitoris
2453 2970 2684 3047 nostri,

304 3074 383 3137 ad
430 3073 611 3141 vitae
659 3077 989 3139 duntaxat
1032 3078 1335 3154 tempora
1380 3074 1629 3139 habere
1677 3075 1970 3156 deberet,
2033 3081 2108 3139 ut
2154 3079 2378 3140 tamen
2425 3092 2502 3140 eo
2550 3092 2684 3139 mo-

306 3176 521 3243 riente
563 3180 845 3244 ducatus
892 3177 1013 3259 sui,
1062 3183 1222 3259 puta
1270 3176 1849 3243 wratislaviensis
1907 3183 1976 3243 et
2023 3177 2302 3260 Sleziae,
2350 3198 2428 3243 ac
2491 3197 2682 3259 prae·

304 3280 547 3346 dictum
614 3281 944 3349 Glacense
1016 3282 1387 3360 dominium,
1451 3284 1537 3347 ad
1604 3300 1790 3347 usum
1853 3288 1924 3347 et
1968 3282 2449 3363 possessionem
2519 3283 2687 3349 dicti

302 3384 616 3463 genitoris
666 3386 899 3469 nostri,
966 3387 1280 3453 heredum
1348 3392 1422 3452 et
1494 3403 1947 3451 successorum
2015 3385 2242 3468 ipsius,
2319 3405 2546 3469 regum
2616 3392 2686 3451 et

302 3504 577 3555 coronae
623 3490 814 3573 regni
873 3490 967 3573 R,
1026 3490 1171 3556 sine
1219 3490 1611 3556 difficultate
1657 3490 1955 3570 qualibet
2015 3490 2449 3575 revenirent),
2511 3492 2687 3555 sicut

303 3592 423 3657 hoc
486 3611 797 3673 processu
866 3594 1117 3660 dierum
1186 3596 1271 3659 ad
1338 3595 1531 3661 finem
1597 3594 1865 3661 devenit
1929 3594 2276 3675 intentum,
2365 3612 2441 3659 eo
2510 3595 2684 3673 quod

302 3694 524 3761 dictus
562 3699 827 3781 genitor
872 3703 1119 3781 noster,
1180 3716 1326 3763 cum
1374 3698 1656 3777 viveret,
1703 3696 2024 3762 moriente
2074 3698 2242 3763 duce
2275 3698 2580 3779 praefato
2614 3702 2684 3763 et
2749 3772 2754 3779 ‚

304 3798 606 3867 ducatum
684 3800 1311 3867 wratislaviensem
1384 3804 1452 3865 et
1521 3807 1770 3866 terram
1841 3800 2235 3867 Glacensem
2313 3799 2685 3881 praefatam

305 3904 523 3968 tenuit
562 3910 633 3971 et
676 3904 977 3987 possedit
1024 3910 1093 3969 et
1138 3922 1258 3969 nos
1306 3909 1659 3985 utrumque
1707 3907 1789 3970 de
1837 3905 2178 3987 praesenti
2225 3904 2412 3971 velut
2461 3904 2532 3969 B.
2567 3922 2686 3967 rex

306 4004 367 4071 in
416 4009 836 4087 possessione
882 4012 1197 4074 tenentes
1244 4008 1563 4074 utrolibet
1609 4006 2052 4090 dominamur3

522 4128 833 4214 (Litterae
876 4128 1219 4213 leudolphi
1269 4129 1321 4197 I.
1367 4131 1510 4199 ddo.
1572 4130 1932 4217 Erfordiae
1985 4131 2178 4214 1290,
2232 4132 2333 4195 25.
2379 4130 2559 4213 Sept.
2603 4164 2689 4175 --

313 4226 461 4297 cod.
492 4234 549 4317 j.
595 4232 649 4299 b.
696 4232 748 4300 I.
792 4255 855 4302 π.
900 4234 985 4299 84
1032 4232 1129 4301 lit.
1176 4233 1238 4297 B
1297 4244 1356 4297 et
1418 4234 1674 4301 litterae
1734 4234 2014 4321 ejusdem
2060 4234 2401 4317 Rndocphi
2444 4234 2496 4299 I.
2546 4232 2690 4298 dcto.

311 4332 659 4418 Brfordiae
700 4338 895 4422 1290,
941 4340 1046 4405 26.
1090 4336 1489 4424 Septembris
1533 4378 1621 4390 —
1673 4339 1887 4404 Codex
1900 4362 1959 4426 J
1992 4338 2047 4405 b.
2083 4340 2138 4403 I.
2172 4362 2231 4407 n.
2261 4339 2344 4403 84
2379 4337 2476 4405 lit.
2508 4335 2570 4405 C.
2604 4374 2688 4383 -

415 4472 565 4515 codex
590 4472 669 4525 im.
699 4474 798 4517 boi..
833 4474 889 4518 11.
920 4480 955 4517 1.
2418 4462 2486 4514 20
