3288 4973
1364 387 1447 396 -·*
1497 357 1619 416 343
1669 387 1750 397 —

362 557 769 622 dominorum
838 562 1234 641 nostrorum,
1302 559 1582 626 filiabus
1657 559 1710 622 si
1776 577 1940 640 quas
2002 555 2395 620 dimiserint.
2455 555 2538 620 de
2600 571 2754 618 con-

360 660 625 741 gruenti
672 667 875 740 statu,
922 662 1284 726 secundum
1330 661 1523 744 regni
1570 661 1881 728 Boemiae
1930 659 2472 726 consuetudinem
2520 676 2755 739 appro-

358 767 599 835 batam.
646 763 993 829 tenebitur
1038 773 1107 828 et
1152 766 1425 831 debebit
1480 767 1800 831 decenter
1863 773 1934 831 et
1989 763 2336 848 magnifice
2389 762 2755 844 providere.

568 886 686 951 IX.
734 885 966 966 Neque
1014 885 1443 966 supradictus
1490 887 1792 953 dominus
1829 893 1898 950 et
1929 885 2143 950 frater
2187 891 2432 962 noster,
2473 884 2755 949 heredes

362 990 465 1056 vel
515 1008 939 1056 successores
986 990 1107 1072 sui,
1155 990 1467 1056 Boemiae
1515 1008 1728 1072 regeS,
1782 989 2026 1054 domini
2089 989 2318 1062 nostri,
2381 986 2754 1070 praefatum

360 1113 628 1176 regnum
654 1095 984 1176 Boemiae,
1012 1102 1129 1160 aut
1153 1113 1290 1176 neS,
1321 1096 1605 1160 heredes
1631 1112 1750 1160 seu
1779 1094 2184 1175 proheredes
2209 1091 2441 1172 nostri,
2467 1092 2749 1157 marchi-

362 1217 517 1263 ones
552 1199 916 1281 Moraviae,
948 1200 1472 1266 marchionatum
1506 1202 1802 1282 eundem,
1827 1197 1894 1263 in
1920 1203 2059 1263 toto
2095 1197 2200 1261 vel
2233 1197 2301 1262 in
2327 1204 2537 1277 parte,
2563 1213 2750 1262 ocea-

358 1303 543 1367 sione
591 1301 875 1370 filiarum
922 1307 1299 1369 nostrarum
1350 1304 1700 1383 utrobique
1748 1309 1869 1368 aut
1908 1301 2042 1368 alia
2092 1318 2296 1366 causa
2340 1318 2749 1380 quacumque

358 1408 629 1489 donare,
675 1410 985 1489 vendere,
1030 1407 1327 1491 obligare
1351 1415 1471 1474 aut
1494 1407 1792 1472 alienare
1819 1405 2201 1471 debebimus
2231 1405 2453 1484 aliquo
2489 1405 2750 1470 dimem-

356 1510 683 1577 brationis
733 1524 853 1577 aut
900 1512 1459 1592 sequestrationis
1490 1513 1698 1590 modo,
1733 1529 1859 1591 quo
1893 1507 2180 1590 praefati
2210 1509 2402 1592 regni
2435 1509 2748 1576 Boemiae

357 1633 619 1696 corona,
666 1615 1087 1697 principatus
1136 1623 1205 1682 et
1252 1615 1558 1695 dominia,
1598 1633 1774 1694 quae
1807 1615 1890 1678 ad
1924 1613 2094 1678 idem
2130 1631 2402 1694 regnum
2437 1613 2751 1679 Boemiae

356 1719 717 1800 pertinent,
750 1718 1140 1800 specialiter
1172 1719 1525 1786 comitatus
1558 1718 2162 1800 Lucemburgensis
2197 1735 2339 1782 cum
2372 1717 2509 1781 suis
2544 1718 2748 1797 perti-

355 1822 623 1902 nentiiS,
646 1828 720 1887 ut
746 1822 1143 1904 praefertur,
1168 1842 1208 1887 a
1232 1821 1441 1904 nobiS,
1472 1821 1830 1888 heredibus
1865 1827 1934 1886 et
1967 1820 2450 1901 proheredibus
2475 1821 2746 1904 nostriS,

356 1926 848 1991 marchionibus
874 1927 1235 2007 Moraviae,
1268 1933 1385 1992 aut
1418 1927 1581 1992 dicti
1612 1925 2106 1991 marchionatus
2140 1924 2478 1990 devolutio
2503 1943 2543 1988 a
2567 1924 2750 1990 dicto

357 2031 619 2095 domino
654 2036 725 2094 et
754 2028 963 2095 fratre
1000 2038 1245 2109 nostr0,
1276 2031 1634 2096 heredibus
1670 2037 1740 2094 et
1771 2029 2271 2095 successoribus
2299 2030 2456 2108 suiS,
2483 2029 2753 2113 regibus

356 2132 689 2214 Boemiae,
736 2133 1015 2199 dominis
1063 2133 1330 2214 nostris,
1394 2139 1626 2214 posset
1671 2133 1739 2199 in
1789 2133 2204 2214 praenotatis
2267 2133 2532 2198 casibus
2595 2152 2751 2213 quo-

357 2237 719 2304 modolibet
764 2238 1110 2304 removeri.

572 2358 657 2423 X.
702 2359 970 2439 Nosque
1030 2359 1405 2426 huiusmodi
1450 2361 1862 2427 serenissimi
1921 2360 2162 2426 domini
2225 2365 2293 2425 et
2352 2358 2586 2424 fratris
2641 2361 2755 2441 pia

357 2463 583 2545 gratia
630 2470 701 2530 et
744 2462 1101 2547 largitione
1150 2464 1465 2547 contenti,
1527 2466 2053 2532 marchionatum
2113 2463 2471 2545 Moraviae,
2521 2482 2748 2545 supra-

356 2568 605 2633 dictum
654 2587 798 2633 cum
846 2568 1051 2652 digna
1108 2569 1475 2651 gratiarum
1537 2572 1803 2636 actione
1867 2569 2294 2650 suscepimuS,
2342 2586 2556 2648 neque
2612 2587 2750 2650 neS,

351 2673 639 2738 heredes
684 2691 803 2738 seu
850 2675 1252 2754 proheredes
1300 2676 1533 2757 nostri,
1597 2674 2014 2740 marchiones
2076 2673 2430 2754 Moraviae·
2484 2691 2523 2736 a
2571 2674 2751 2739 dicto

354 2778 615 2843 domino
692 2784 761 2841 et
836 2776 1047 2842 fratre
1123 2786 1371 2859 nostro,
1446 2780 1802 2845 heredibus
1873 2786 1942 2843 et
2017 2780 2516 2843 successoribus
2592 2778 2750 2860 suis,

354 2880 664 2947 Boemiae
712 2882 995 2963 regibus
1044 2882 1325 2947 dominis
1376 2883 1642 2963 nostris
1691 2881 1873 2948 aliud
1936 2882 2290 2965 quidquam
2356 2900 2473 2963 per
2521 2882 2748 2949 divisi-

353 3002 562 3064 onem,
610 2985 1095 3051 successionem
1144 2988 1227 3051 ab
1276 2986 1621 3068 intestam,
1685 2987 1794 3051 vel
1857 2987 1988 3052 alio
2035 2985 2270 3065 quovis
2331 2986 2548 3065 titulo,
2594 2987 2749 3069 jure

354 3091 461 3155 vel
507 3087 711 3172 fact0,
758 3090 1120 3170 poterimus
1168 3108 1288 3155 seu
1335 3091 1720 3155 debebimus
1769 3096 2077 3172 repetere
2124 3096 2242 3155 aut
2289 3089 2573 3173 exigere,
2620 3092 2751 3156 nisi

353 3194 523 3272 quod
592 3194 721 3273 ipsi
786 3195 869 3259 de
938 3194 1261 3277 singulari
1328 3194 1557 3261 favore
1628 3202 1699 3261 et
1759 3194 1998 3261 mentis
2069 3194 2488 3275 beneplacito
2559 3195 2748 3261 nobis

352 3296 729 3363 liberaliter
775 3298 1091 3363 duxerint
1137 3299 1558 3381 erogandum.

560 3418 680 3483 XI.
728 3418 1221 3485 Renuntiantes
1269 3438 1585 3501 expresse
1632 3438 1750 3502 pro
1799 3418 1988 3486 nobis
2037 3438 2116 3484 ac
2150 3419 2350 3485 dictis
2385 3421 2746 3487 heredibus

350 3530 421 3587 et
468 3523 950 3603 proheredibus
998 3524 1270 3605 nostriS,
1316 3524 1808 3590 marchionibus
1856 3523 2218 3604 Moraviae,
2281 3523 2455 3587 omni
2493 3524 2630 3606 juri
2679 3532 2750 3589 et

344 3625 791 3708 jurisactioni,
838 3629 895 3693 si
941 3630 1115 3707 quod
1164 3628 1271 3693 vel
1320 3646 1515 3707 quam
1560 3628 1629 3693 in
1675 3647 1881 3710 regno
1929 3627 2242 3693 Boemiae
2291 3635 2410 3692 aut
2458 3630 2746 3693 caeteris

353 3748 515 3795 suae
584 3739 657 3795 et
718 3730 1007 3811 ipsorum
1070 3730 1352 3798 dicionis
1422 3732 1908 3814 principatibus
1980 3738 2048 3795 et
2111 3720 2434 3796 dominiis
2498 3732 2746 3799 habere

350 3834 687 3915 potuimus
734 3843 853 3899 aut
898 3852 1257 3917 possemuS,
1325 3844 1688 3917 potuerunt
1735 3854 1852 3901 seu
1899 3840 2216 3917 poterunt
2260 3836 2748 3914 quomodolibet

352 3937 422 4003 in
466 3936 783 4019 futurum,
829 3956 1152 4003 canonum
1215 3940 1417 4005 etiam
1466 3946 1535 4004 et
1582 3940 1806 4025 legum
1865 3940 2136 4005 auxiliis
2197 3957 2278 4004 ac
2341 3940 2516 4004 omni
2569 3940 2745 4024 juris

353 4042 694 4123 beneficio,
741 4042 980 4122 quibus
1029 4042 1452 4125 ordinationi,
1484 4044 1904 4125 dispositioni
1940 4050 2009 4109 et
2038 4042 2522 4109 renuntiationi
2555 4064 2744 4124 prae·

352 4144 515 4211 fat-is
562 4153 791 4225 posset
834 4146 907 4211 in
957 4154 1100 4212 toto
1150 4148 1255 4212 vel
1304 4148 1371 4213 in
1422 4154 1613 4228 parte
1662 4148 2047 4228 aliqualiter
2094 4148 2420 4232 derogari.

564 4266 716 4333 XII.
764 4268 1223 4335 Promittimus
1268 4268 1472 4335 etiam
1521 4288 1637 4350 pro
1686 4270 1878 4335 nobis
1927 4278 1996 4337 et
2043 4272 2242 4337 dictis
2274 4272 2632 4337 heredibus
2663 4292 2743 4341 ac

352 4372 829 4451 proheredibus
878 4374 1123 4439 nostris
1172 4373 1488 4456 legaliter
1533 4379 1600 4439 et
1649 4376 1822 4439 bona
1870 4376 2014 4457 fide,
2063 4396 2285 4443 omnes
2335 4385 2404 4442 et
2443 4376 2742 4459 singulos
