3288 4973
1815 362 2202 420 —316—

808 584 936 628 non
983 565 1489 644 pertinentibus,
1536 563 1965 630 exterminati
2013 567 2083 627 et
2130 563 2389 643 expulsi
2440 561 2702 643 fuerint,
2767 560 3201 625 medietatem

809 671 1122 733 bonorum
1170 675 1239 733 et
1287 669 1717 735 dominiorum
1778 667 2146 734 huiusmodi
2208 667 2581 746 supradicti
2643 666 3090 730 Romanorum
3140 670 3204 728 et

811 773 1116 838 Boemiae
1195 773 1394 856 regiS,
1488 774 1820 839 residuam
1893 789 2049 837 vero
2151 771 2399 836 nostris
2477 771 2706 836 usibus
2783 768 3208 834 decernimus

809 877 1292 958 applicandam.

1018 980 1097 1046 In
1146 983 1330 1047 cuius
1379 986 1503 1046 etc.

1021 1111 1195 1176 Data
1239 1112 1305 1175 in
1355 1111 1748 1175 Namisslow
1805 1109 2041 1191 oppido
2093 1109 2392 1190 diocesis,
2445 1106 3048 1188 wratislaviensis,
3101 1106 3212 1170 die

811 1237 857 1278 s.
910 1216 1197 1281 ceciliae
1244 1216 1426 1297 Virg.
1474 1234 1529 1280 a.
1580 1215 1659 1278 D.
1712 1218 1894 1280 1348.

1016 1343 1255 1431 (Pelzel
1301 1343 1375 1407 K.
1427 1342 1589 1404 Karl
1649 1343 1690 1404 I
1700 1343 1762 1410 V.
1817 1343 1948 1407 urla.
2000 1340 2236 1408 CLXX.
2284 1380 2365 1389 —
2415 1338 2637 1423 Chytil
2708 1339 2880 1406 VIII.
2925 1342 3076 1404 869.
3130 1379 3215 1388 —-

815 1446 915 1532 Cf.
960 1449 1153 1533 hujus
1203 1449 1358 1510 tomi
1403 1470 1463 1514 π.
1512 1448 1683 1533 182.)
3173 1471 3179 1476 ·

1013 1641 1162 1707 283.
1228 1637 1402 1707 Otto
1461 1636 2148 1724 Mag-deburgensis
2208 1608 2833 1722 archiepiscopus
2905 1633 3215 1703 Karolo

812 1743 1158 1813 Boemiae
1204 1742 1375 1829 regi
1423 1740 1811 1812 Lusatiam
1859 1740 1939 1810 in
1985 1741 2287 1812 feudum
2336 1739 2652 1809 confert.

1592 1866 1785 1946 1348,
1832 1867 1895 1931 2.
1946 1861 2406 1932 Decembris.

1016 1993 1140 2047 List
1178 1996 1351 2047 kneze
1394 1994 1630 2060 biskupa
1670 1995 1781 2060 Oty
1825 1994 2286 2061 MaydburskehO,
2325 1994 2467 2047 kdez
2509 2008 2578 2046 na
2615 1992 2756 2046 zemi
2794 1991 3024 2044 luzicksi
3067 1992 3222 2045 deva

812 2082 1084 2137 manstvie
1125 2078 1348 2134 Karlovi
1393 2098 1425 2132 a
1454 2079 1587 2147 jeho
1626 2078 1890 2133 dedicom.

1013 2198 1092 2263 In
1138 2196 1395 2261 nomine
1447 2194 1706 2269 Domini
1751 2213 1956 2260 amen.
2007 2195 2142 2260 Nos
2181 2194 2340 2260 Otto
2374 2195 2452 2259 D.
2489 2214 2583 2277 gr.
2616 2200 2893 2260 sanctae
2929 2194 3222 2278 Magde-

786 2287 1158 2382 ‘burgensis
1186 2299 1513 2366 ecclesiae
1539 2299 2100 2380 archiepiscoan,
2127 2299 2658 2382 recognoscimus
2686 2299 2750 2363 in
2778 2297 2882 2362 his
2908 2299 3223 2381 scriptis,

807 2408 980 2485 quod
1027 2410 1276 2470 terram
1308 2405 1635 2469 Lusaciae
1673 2423 1814 2468 cum
1848 2403 2149 2477 omnibus
2175 2403 2442 2486 juribus
2476 2410 2546 2468 et
2579 2402 3012 2483 pertinentiis
3050 2405 3223 2481 suis

807 2530 999 2590 quam
1025 2510 1307 2574 illustris
1337 2510 1642 2590 princeps
1679 2511 2154 2590 WoldemaruS,
2183 2510 2475 2574 marchio
2511 2509 3224 2590 Brandenburgensis,

804 2635 844 2678 a
892 2614 1079 2680 nobis
1128 2619 1196 2677 et
1243 2614 1527 2679 ecclesia
1590 2618 1822 2678 nostra
1872 2614 2088 2677 tenuit
2142 2614 2210 2676 in
2260 2614 2578 2692 pheodum
2629 2618 2698 2676 et
2746 2611 2936 2677 nobis
2987 2613 3219 2679 libere

804 2718 1193 2801 resignavit,
1220 2718 1643 2783 serenissimo
1671 2726 1739 2780 et
1764 2717 2324 2783 excellentissimo
2354 2717 2657 2797 principi,
2682 2715 2939 2781 domino
2971 2724 3222 2783 nostro

804 2822 1116 2906 gratiose,
1193 2825 1248 2887 d.
1318 2822 1567 2887 Karulo
1638 2821 1782 2904 regi
1851 2822 2294 2887 Romanorum
2364 2828 2434 2885 et
2504 2820 2812 2885 Boemiae
2906 2818 3224 2889 feliciter

804 2926 1133 3007 regnanti,
1180 2934 1519 3004 tamquam
1571 2927 1710 3006 regi
1757 2926 2087 3004 Boemiae,
2157 2926 2424 3006 suisque
2473 2926 2806 3008 germanis
2856 2931 2927 2988 et
2976 2945 3222 2993 eorum

805 3030 1160 3095 heredibus
1225 3030 1422 3111 veriS,
1487 3036 1684 3110 prout
1738 3030 1908 3094 idem
1962 3030 2421 3094 Woldemarus
2471 3038 2539 3092 et
2585 3028 2685 3093 sui
2736 3030 3225 3111 progenitores

805 3137 1079 3199 eandem
1145 3144 1388 3199 terram
1459 3153 1601 3199 cum
1666 3134 1801 3198 suis
1863 3133 2117 3198 iuribus
2182 3141 2250 3198 et
2316 3132 2740 3214 pertinentiis
2797 3150 2837 3196 a
2892 3135 3102 3201 nobis
3153 3144 3227 3202 et

805 3239 1089 3303 ecclesia
1135 3243 1365 3302 nostra
1412 3237 1479 3302 in
1523 3239 1846 3317 pheodum
1897 3244 2275 3318 tenuerunt,
2325 3236 2718 3301 contulimus
2765 3236 2832 3301 in
2869 3237 3224 3316 pheodum

809 3343 1076 3423 pacifice
1113 3342 1597 3424 possidendam,
1632 3349 1908 3423 propter
1940 3360 2121 3422 spem
2159 3360 2319 3406 suae
2353 3340 2782 3421 promotionis
2822 3346 2894 3405 et
2939 3342 3224 3409 donati·

806 3447 949 3512 onis
997 3447 1063 3511 in
1109 3446 1419 3528 futurum,
1478 3466 1643 3525 quas
1707 3451 1898 3526 grata
1962 3446 2428 3511 vicissitudine
2490 3446 2677 3512 nobis
2741 3451 2810 3508 et
2870 3448 3225 3515 ecclesiae

806 3561 1078 3616 nostrae
1140 3552 1340 3616 dante
1405 3550 1684 3615 Domino
1750 3539 2074 3629 rependet
2126 3548 2194 3614 iu
2244 3568 2741 3631 recompensam
2789 3549 3226 3632 condignam.

1012 3656 1089 3721 Iu
1139 3657 1649 3735 praemissorum
1713 3665 1935 3719 autem
1994 3654 2441 3719 testimonium
2490 3661 2564 3719 ut
2613 3655 2813 3718 robur
2860 3655 3226 3723 firmitatis

804 3762 1150 3825 obtineant
1199 3765 1266 3824 et
1310 3763 1393 3825 ab
1443 3759 1771 3825 hominum
1840 3761 2157 3824 memoria
2221 3778 2349 3824 non
2409 3759 2741 3839 labantur,
2803 3775 3226 3839 praesentes

805 3865 1069 3928 litteras
1147 3863 1359 3928 eidem
1427 3863 1684 3928 domiuo
1765 3867 1989 3927 nostro
2063 3863 2239 3927 tradi
2308 3863 2604 3945 fecimus,
2676 3867 2902 3927 nostro
2984 3865 3224 3949 sigillo

808 3967 1157 4048 sigillatas

1013 4097 1259 4161 Datum
1306 4102 1375 4161 et
1420 4103 1637 4163 actum
1708 4098 2133 4179 Wittenberg
2181 4116 2236 4160 a.
2284 4097 2362 4160 D.
2418 4102 2600 4178 1348,
2658 4096 2750 4162 II.
2798 4098 2905 4162 die
2952 4103 3225 4166 mensis

808 4202 1217 4266 Decembris

1014 4329 1136 4414 (A.
1185 4330 1307 4412 K.)
