3288 4973
1372 385 1764 445 -493—

572 582 733 637 'Pi-eti
770 582 869 637 list
908 583 1119 638 ciesafe
1156 582 1331 638 Karla
1380 600 1456 641 na
1493 591 1559 639 tu
1597 586 1790 641 smenu
1838 585 1966 639 teob
1999 584 2271 639 zamkuov
2307 600 2343 637 v
2381 570 2654 637 Svabiech
2692 598 2761 635 za

363 666 674 724 Parkstein
711 685 745 723 a
779 669 1071 725 Kariwald
1108 686 1143 725 a
1178 687 1247 725 za
1282 672 1459 725 mesto
1495 672 1734 741 wastin,
1773 671 1976 728 kdeZto
2006 671 2145 741 jako
2181 670 2305 725 kral
2352 670 2522 736 desky
2566 674 2757 737 potvr·

326 814 332 819 ,
365 755 493 825 zuje
530 756 593 810 te
628 758 839 823 smeny.

574 830 777 909 C'tvrty
816 842 917 898 list
950 844 1219 911 nemeoky
1256 844 1471 899 eiesafe
1506 844 1683 899 Karla
1721 846 1855 900 take
1889 843 2232 915 potvrzujici
2271 842 2478 910 smeny.

572 948 853 1014 Carolus
898 948 1012 1015 IV.
1080 952 1139 1017 d.
1202 949 1245 1016 f.
1302 951 1380 1017 cl.
1438 950 1519 1018 R.
1580 952 1742 1033 Imp.
1805 972 1854 1017 a.
1916 970 1974 1015 a.
2038 953 2108 1015 et
2168 949 2245 1014 B.
2310 967 2445 1013 rex.
2515 947 2758 1014 Notum

360 1050 647 1117 facimus
694 1060 930 1119 tenore
975 1054 1429 1135 praesentium
1461 1054 1817 1137 universis,
1857 1055 2031 1134 quod
2065 1071 2208 1119 cum
2240 1056 2516 1133 propter
2547 1052 2756 1117 zelum

364 1156 654 1221 amorosi
702 1156 1001 1239 affectuS,
1057 1175 1249 1237 quem
1294 1160 1381 1225 ad
1430 1177 1692 1225 sacrum
1735 1159 2106 1224 Romanum
2148 1156 2508 1238 Imperium
2555 1159 2625 1221 et
2671 1157 2759 1221 ad

360 1260 628 1344 insigne
676 1279 951 1344 regnum
1012 1261 1345 1345 Boemiae,
1408 1262 1707 1329 eiusdem
1760 1260 2032 1343 Imperii
2078 1260 2496 1345 magnificum
2545 1266 2616 1325 et
2660 1258 2759 1325 in·

360 1365 551 1447 signe
628 1366 1007 1448 membrum,
1074 1365 1496 1432 incessanter
1562 1366 1742 1450 gerit
1809 1373 2044 1431 nostra
2110 1364 2464 1445 serenitas,
2530 1364 2757 1429 studio

362 1467 671 1551 diligenti
734 1472 815 1533 ob
874 1475 1307 1549 utrorumque
1369 1470 1824 1551 praesentium
1886 1470 2366 1536 commodorum
2427 1470 2760 1549 quandam

360 1569 918 1655 permutationem
1008 1572 1341 1640 iniremus
1433 1593 1607 1656 quae
1681 1574 1752 1640 in
1827 1573 2262 1654 sequentibus
2353 1572 2757 1653 continetur,

360 1677 774 1757 eandemque
804 1676 1022 1743 literis
1046 1678 1295 1743 nostris
1327 1676 1781 1761 imperialibus
1816 1674 2442 1757 confirmaverimuS,
2471 1692 2750 1759 quarum

361 1784 557 1846 tenor
603 1798 725 1861 per
770 1779 987 1846 omnia
1032 1782 1337 1861 sequitur
1382 1781 1451 1846 in
1497 1782 1664 1847 haec
1726 1783 1976 1848 verba:

576 1900 1105 1987 (lustramentum
1136 1902 1281 1969 ddo.
1310 1900 1766 1987 Normberyae,
1795 1903 1984 1986 1360,
2013 1902 2073 1969 4.
2105 1902 2260 1965 Dec.
2301 1900 2456 1965 Vide
2486 1923 2546 1966 n.
2574 1902 2758 1986 481.)

574 2022 713 2090 Nos
772 2022 1000 2107 igitur,
1067 2024 1179 2104 qui
1246 2043 1468 2107 supra,
1536 2024 1810 2091 Carolus
1858 2022 1976 2091 IV.
2021 2027 2081 2090 d.
2135 2025 2180 2091 f.
2227 2025 2304 2091 cl.
2349 2024 2518 2089 Rom
2596 2023 2758 2106 Imp.

369 2146 417 2193 s,
485 2147 545 2193 a.
608 2132 681 2193 et
738 2126 813 2193 B.
874 2146 1012 2209 rex,
1078 2131 1513 2195 attendentes
1579 2130 1992 2213 praedictam
2065 2128 2618 2211 permutationem
2690 2137 2760 2195 et

366 2232 679 2297 honorem
728 2232 905 2299 sacri
951 2232 1220 2313 Imperii
1269 2237 1337 2299 et
1382 2232 1543 2321 felix
1592 2238 2039 2317 augmentum,
2086 2231 2411 2316 regnique
2443 2232 2756 2299 Boemiae

369 2338 655 2402 salutem
700 2343 770 2400 et
817 2338 1222 2402 commodum
1269 2342 1407 2403 tam
1455 2339 1732 2419 provide
1779 2356 1973 2417 quam
2005 2335 2347 2418 sagaciter
2379 2334 2758 2419 innovasse,

370 2440 547 2508 sicut
612 2456 736 2522 per
794 2439 921 2506 fide
981 2440 1327 2524 dignorum
1396 2442 1863 2525 inspectorum,
1951 2459 2113 2522 quos
2183 2456 2302 2506 nos
2367 2444 2438 2506 et
2504 2440 2758 2508 caeteri

370 2561 683 2627 proceres
728 2545 961 2626 nostri,
1007 2546 1453 2612 ecclesiastici
1500 2553 1570 2613 et
1614 2547 1998 2612 saeculares
2043 2546 2400 2627 principeS,
2461 2547 2544 2610 ad
2609 2563 2757 2626 per-

371 2648 828 2714 scrutandum.
854 2648 1147 2714 unanimi
1193 2654 1349 2716 voto
1398 2650 1780 2732 direximus,
1811 2650 2013 2716 claris
2044 2649 2284 2715 fuimus
2315 2649 2754 2717 relationibus

369 2752 726 2834 informati,
771 2752 1067 2817 eiusdem
1115 2753 1607 2836 permutationi,
1653 2753 2192 2837 incorporationi,
2239 2753 2612 2836 annexioni,
2657 2752 2756 2818 in·

367 2855 805 2923 viscerationi
859 2861 930 2921 et
975 2857 1219 2939 unioni,
1266 2859 1698 2939 omnibusque
1747 2865 1816 2925 et
1861 2860 2144 2943 singulis
2209 2878 2294 2926 ex
2352 2859 2449 2924 eis
2512 2860 2755 2938 depen-

368 2961 683 3028 dentibus
727 2960 963 3040 quovis
994 2963 1205 3044 modo,
1237 2967 1437 3043 prout
1464 2963 1633 3030 haec
1665 2963 1881 3030 omnia
1913 2964 2212 3030 seriatim
2242 2969 2404 3030 sunt
2435 2979 2757 3045 expressa

368 3065 695 3147 superius,
740 3083 1133 3131 consensum
1181 3073 1251 3130 et
1296 3083 1646 3132 assensum
1683 3073 1981 3134 nostrum
2013 3067 2406 3134 benevolum
2437 3083 2754 3148 praesen-

365 3171 546 3237 tibus
592 3169 999 3247 adhibemu8‚
1059 3187 1268 3248 eaque
1330 3171 1546 3236 omnia
1592 3175 1665 3236 et
1709 3172 1994 3255 singula,
2060 3175 2258 3251 prout
2319 3169 2753 3236 inveniuntur

370 3277 692 3356 expressa
746 3273 1071 3357 superiuS,
1139 3273 1323 3339 velut
1391 3291 1514 3340 rex
1582 3275 1680 3356 B„
1747 3274 1810 3340 S.
1879 3275 2038 3356 Imp.
2107 3273 2616 3353 archipincerna
2683 3277 2756 3337 et

367 3379 678 3460 princeps
726 3377 998 3460 elector,
1043 3379 1506 3459 approbamus,
1555 3379 1902 3445 laudamus
1949 3385 2020 3443 et
2066 3378 2133 3443 in
2180 3377 2479 3444 omnibus
2518 3383 2590 3443 et
2621 3375 2752 3440 sin-

367 3482 541 3566 gulis
588 3481 903 3547 clausulis
949 3481 1107 3561 suis,
1172 3483 1457 3564 punctiS,
1526 3483 1830 3549 articulis
1889 3488 2094 3562 atque
2141 3465 2516 3547 tenoribus'
2543 3498 2749 3561 supra

368 3585 641 3666 scriptis
688 3601 773 3650 ex
818 3588 1006 3650 certa
1060 3584 1345 3651 scientia
1404 3585 1881 3670 confirmamus,
1942 3585 2282 3667 perpetuis
2340 3583 2750 3666 temporibus

368 3695 693 3770 perpet-ue
739 3687 1031 3755 valitura

573 3791 1043 3858 Praesentium
1088 3795 1209 3858 sub
1257 3792 1623 3875 imperialis
1669 3793 2044 3876 majostatis
2092 3792 2311 3877 sigillo
2366 3790 2749 3859 testimonio

366 3897 735 3965 literarum.

576 4016 823 4081 Datum
883 4015 1241 4100 Nurnberg
1298 4036 1356 4083 a.
1417 4018 1496 4084 D.
1560 4024 1748 4103 1361,
1808 4019 2180 4085 Indictione
2227 4017 2429 4101 XIV.,
2480 4023 2558 4084 15
2605 4017 2750 4085 Kal.

368 4121 548 4203 Maii,
592 4137 947 4203 regnorum
1000 4125 1377 4187 nostrorum
1422 4140 1595 4188 anno
1647 4127 1746 4204 15,
1792 4123 2062 4205 Imperii
2108 4140 2266 4189 vero
2317 4130 2372 4187 7.

573 4240 697 4326 (A.
742 4237 837 4308 K.
882 4278 971 4290 —
1013 4241 1211 4309 Arck.
1257 4243 1325 4307 S.
1369 4243 1584 4322 ,Wena
1632 4278 1720 4310 -—·
1766 4243 1980 4329 me'q
2039 4244 2090 4310 I.
2143 4265 2203 4310 n.
2252 4241 2480 4306 CCXX
2495 4243 2621 4310 VII.
2667 4283 2755 4293 ——

382 4347 535 4410 Vide
584 4369 640 4413 n.
686 4342 869 4430 489.)
