3288 4973
1442 363 1790 430 -99...

628 571 953 644 Volentes
999 579 1071 644 et
1114 576 1393 644 firmiter
1438 578 1838 658 statuentes,
1883 576 1976 656 ut,
2023 569 2082 636 si
2125 560 2300 634 forte
2347 585 2486 652 nos,
2523 564 2806 633 heredes

414 687 536 748 aut
581 699 1006 750 successores
1053 679 1267 746 nostri
1328 677 1574 745 sublati
1635 679 1718 743 de
1779 675 1994 743 medio
2053 673 2390 756 fuerimuS,
2449 672 2805 739 heredibus

412 785 735 870 legitimis
782 792 852 852 et
898 784 1295 869 praesertim
1340 782 1651 850 masculis
1697 801 1829 851 non
1876 778 2148 862 relictis,
2196 783 2441 845 extunc
2474 778 2645 844 bona
2666 775 2805 858 ,iam

414 890 603 956 dicta
658 896 909 974 nostra,
966 895 1211 973 terrae,
1272 887 1586 958 civitates
1649 892 1721 954 et
1779 885 2040 970 oppida,
2104 903 2248 950 cum
2307 881 2604 950 omnibus
2667 881 2805 946 suis

416 994 871 1079 pertinentiis,
895 1000 972 1061 ut
1002 993 1429 1077 praedicitur,
1453 996 1539 1060 ad
1568 993 1818 1060 fratres
1843 997 2127 1074 nostr08,
2153 989 2484 1073 principes
2509 987 2807 1053 illustres

419 1103 481 1166 d.
528 1101 889 1167 Hem-icum
935 1101 1067 1168 vid.
1112 1101 1346 1166 ducem
1390 1097 1650 1164 Sleziae
1697 1103 1767 1164 et
1814 1093 2200 1178 Glogoviae,
2229 1094 2809 1177 Saganensemque

414 1204 769 1288 dominum,
812 1223 892 1270 ac
938 1207 997 1270 d.
1041 1204 1417 1271 Johannem
1463 1205 1698 1270 ducem
1744 1201 2001 1269 Slesiae
2046 1205 2116 1266 et
2162 1199 2530 1283 Glogoviae
2577 1217 2656 1264 ac
2699 1199 2806 1264 do-

416 1306 667 1375 minum
714 1308 1102 1392 Stynaviae,
1146 1309 1563 1389 heredesque
1610 1326 1781 1391 suoS,
1811 1307 2140 1372 masculos
2173 1307 2520 1388 duntaxat,
2554 1304 2613 1370 si
2643 1321 2810 1384 quos

415 1412 835 1497 reliquerint,
902 1415 963 1481 si
1007 1418 1230 1480 autem
1275 1411 1491 1478 nullos
1538 1417 1694 1494 post
1740 1430 1814 1478 se
1858 1411 2188 1478 masculos
2232 1410 2564 1494 legitimos
2611 1407 2809 1475 relin-

416 1517 709 1602 querint,
752 1520 840 1584 ad
884 1537 1161 1602 regnum
1206 1518 1519 1585 Boemiae
1565 1515 1984 1601 praedictum
2027 1515 2238 1583 libere
2285 1521 2354 1582 et
2399 1512 2807 1581 hereditarie

418 1623 717 1688 debeant
762 1623 1120 1704 pertinere.

631 1726 778 1793 Hoc
824 1732 1049 1794 tamen
1092 1726 1535 1811 adjiciendum
1580 1725 1884 1794 duximus
1929 1723 2332 1808 nominatim,
2379 1724 2552 1806 quod
2599 1721 2810 1788 sinos

422 1830 575 1912 ipsi,
660 1833 944 1898 heredes
1013 1831 1124 1898 vel
1190 1850 1613 1899 successores
1681 1831 1895 1898 nostri
1963 1830 2252 1913 praefati
2321 1848 2466 1896 cum
2527 1827 2810 1908 clericis,

418 1935 702 2018 civibus,
744 1936 1017 2002 rusticis
1061 1937 1167 2004 vel
1207 1936 1473 2021 judaeis
1518 1935 1770 2002 uostris
1818 1936 2069 2017 aliquid
2100 1952 2363 2017 causae,
2395 1930 2808 2014 quaestionis

418 2044 540 2105 aut
576 2039 815 2124 judicii
869 2041 1500 2108 instauraverimus:
1547 2044 1628 2107 de
1687 2041 1792 2108 his
1857 2047 1926 2108 et
1990 2043 2070 2106 de
2130 2037 2502 2106 huiusmodi
2560 2054 2680 2103 rex
2740 2039 2812 2102 et

418 2144 709 2212 heredes
754 2146 862 2212 sui
898 2146 1230 2228 praedicti
1261 2146 1469 2231 nobiS,
1498 2146 1856 2214 heredibus
1887 2145 1998 2214 vel
2028 2143 2528 2212 successoribus
2560 2140 2812 2208 nostris

417 2249 903 2332 superstitibus
992 2251 1440 2318 intromittere
1529 2271 1603 2318 se
1693 2270 1822 2318 non
1913 2251 2201 2317 debeant
2281 2247 2514 2330 quovis
2603 2247 2809 2313 modo,

418 2354 497 2420 Si
578 2373 745 2422 vero
832 2355 1087 2422 nobiles
1180 2355 1287 2422 vel
1378 2355 1610 2424 fideles
1697 2362 2027 2422 terrarum
2117 2358 2490 2421 nostrarum
2580 2370 2811 2432 supra-

418 2459 827 2541 scriptarum
873 2459 1167 2527 debitam
1212 2478 1335 2543 per
1380 2478 1521 2544 nOS,
1569 2460 1848 2528 heredes
1895 2461 2003 2529 vel
2059 2477 2484 2528 successores
2544 2461 2811 2524 nostros

423 2566 511 2629 de
556 2563 697 2630 suis
744 2564 1242 2645 quaestionibus
1291 2564 1433 2635 sive
1481 2566 1704 2633 causis
1751 2567 1943 2633 nobis
1987 2566 2202 2650 motiS,
2241 2568 2326 2633 de
2355 2565 2594 2647 quibus
2615 2564 2814 2648 juxta

418 2669 806 2735 litterarum
868 2669 1191 2753 regalium
1255 2672 1561 2738 datarum
1621 2671 1812 2738 nobis
1878 2671 2371 2754 continentiam,
2451 2670 2811 2737 secundum

420 2772 719 2839 fidelium
778 2779 1151 2840 nostrorum
1213 2775 1614 2841 sententiam
1677 2781 1748 2841 et
1811 2775 2144 2843 dictamen
2221 2776 2448 2843 subire
2505 2780 2814 2841 tenemur

421 2881 499 2943 et
526 2876 753 2943 facere
782 2876 1120 2963 judicium,
1143 2880 1417 2960 assequi
1450 2899 1581 2947 non
1613 2881 1829 2963 possit
1851 2881 2212 2965 justitiam:
2259 2898 2501 2964 regem,
2531 2879 2814 2945 heredes

422 2988 499 3050 et
542 3000 971 3050 successores
1017 3002 1170 3051 suos
1219 2988 1652 3065 praenotatos
1685 2986 1872 3052 adire
1904 2988 2222 3068 poterunt
2250 2984 2477 3067 libere,
2510 2982 2813 3064 querelas

425 3089 720 3169 ipsorum
768 3106 1139 3169 proponere
1186 3095 1256 3155 et
1303 3089 1624 3173 defectuS,
1667 3108 1919 3171 nosque
1964 3091 2246 3158 heredes
2293 3094 2363 3156 et
2395 3106 2817 3157 successores

430 3192 648 3259 nostri
697 3191 1047 3275 praedicti,
1110 3192 1306 3259 citati
1358 3192 1599 3259 ibidem
1661 3211 1884 3260 coram
1939 3214 2100 3279 rege
2155 3195 2286 3263 vid.
2347 3202 2416 3262 et
2459 3192 2818 3261 heredibus

430 3316 511 3361 ac
554 3297 1057 3363 successoribus
1106 3297 1247 3363 suis
1294 3300 1368 3364 B.
1413 3299 1706 3383 regibus,
1761 3298 2136 3381 ubicunque
2196 3300 2508 3365 Boemiae
2567 3298 2820 3367 fuerint

430 3406 549 3468 aut
590 3400 931 3486 Poloniae,
963 3420 1182 3470 coram
1226 3402 1440 3469 altero
1480 3422 1640 3471 vero
1674 3404 1993 3489 principe,
2024 3424 2146 3487 per
2179 3424 2292 3472 eos
2326 3407 2410 3471 ad
2441 3405 2567 3473 hoc
2591 3402 2816 3489 judice

435 3508 773 3590 deputato,
816 3506 971 3573 sisti
999 3506 1375 3574 tenebimur
1406 3513 1478 3573 et
1506 3510 1917 3575 tenebuntur
1948 3509 2016 3575 in
2049 3515 2234 3576 terra
2272 3508 2818 3576 Wratislaviensi

436 3614 769 3680 duntaxat
790 3612 1062 3697 judicic,
1092 3612 1317 3679 facere
1350 3616 1420 3680 et
1450 3612 1674 3681 subire
1706 3617 1789 3681 de
1821 3615 2028 3698 nobiS,
2068 3612 2426 3681 heredibus
2458 3620 2528 3679 et
2559 3630 2820 3679 succes-

434 3716 691 3784 soribus
752 3716 1001 3783 nostris
1070 3718 1631 3798 conquerentibus
1702 3719 2111 3799 quibuslibet
2165 3718 2477 3803 justitiae
2541 3718 2820 3800 comple-

438 3824 747 3888 mentum.

642 3924 821 3991 Illud
888 3924 1163 4008 insuper
1220 3925 1531 4008 specifice
1593 3926 1896 3994 duximus
1959 3927 2470 4011 exprimendum,
2533 3928 2704 4009 quod
2767 3927 2826 3993 si

440 4028 727 4097 fortasse
773 4047 914 4115 noS,
957 4030 1241 4097 heredes
1287 4032 1397 4098 vel
1442 4050 1865 4099 successores
1913 4038 2197 4119 nostroS,
2231 4038 2550 4118 gravatos
2583 4033 2826 4116 inopia,

445 4134 684 4201 debitis
730 4138 850 4200 aut
892 4135 1029 4201 alia
1074 4153 1278 4203 causa
1323 4136 1728 4221 rationabili,
1773 4136 2060 4219 aliquam
2098 4136 2426 4205 territorii
2459 4141 2528 4203 et
2559 4135 2827 4202 dominii

450 4237 768 4319 aliquanti
811 4241 896 4305 de
926 4240 1176 4307 nostris
1206 4243 1500 4310 vendere
1532 4242 1639 4309 vel
1673 4242 1972 4328 obligare
2004 4244 2351 4328 continget
2399 4241 2829 4310 munitionem
2939 4250 2944 4255 “

454 4342 728 4426 principi
773 4342 963 4410 nobis
1023 4345 1288 4426 aequali
1347 4350 1465 4413 aut
1524 4346 1726 4413 etiam
1788 4346 2202 4415 territorium
2264 4367 2397 4415 non
2455 4350 2830 4430 habentem,

2515 4469 2580 4525 7*
