3288 4973
1547 410 1933 470 -474—

539 629 746 694 regno
793 612 1148 693 confluant,
1191 612 1486 693 Austria,
1531 612 1779 693 Styria,
1826 612 2205 693 Kariathia,
2252 611 2581 691 Carniola,
2631 610 2929 676 Marcbia

541 716 896 783 Slavonica
941 722 1012 779 et
1057 716 1303 781 Portus
1353 718 1602 784 Naonis
1652 738 1796 785 cum
1844 736 2067 783 eorum
2116 715 2541 797 pertinentiis
2596 713 2934 779 hostiliter

537 821 766 885 inuadi
814 817 1263 902 contingeret:
1310 830 1468 887 tunc
1515 824 1628 888 alii
1676 824 1925 904 statim,
1970 822 2149 887 sicut
2184 818 2526 885 ammoniti
2558 837 2679 883 sen
2710 817 2929 898 requi-

541 923 658 989 siti
701 924 1038 1009 fuerimuS,
1092 928 1345 1009 absque
1411 926 1733 993 dilatione
1796 946 1913 993 seu
1975 926 2443 1009 prorogatione
2504 922 2931 1006 quibuslibet,

537 1028 672 1093 illis
719 1048 1014 1113 corpore,
1061 1034 1278 1111 rebuS,
1325 1032 1618 1113 consilio,
1666 1033 1931 1113 auxilio,
1978 1030 2209 1096 favore
2258 1036 2325 1095 et
2374 1029 2731 1094 dilectione
2799 1028 2928 1090 ira-

541 1140 738 1199 terna
787 1152 933 1199 cum
965 1136 1142 1200 omni
1173 1140 1405 1201 nostra
1435 1137 1739 1217 potentia
1772 1136 2130 1201 subvenire
2164 1134 2463 1201 volumus
2494 1139 2566 1197 et
2596 1133 2929 1211 debemuS,

541 1238 664 1301 sub
711 1238 960 1303 nostris
1011 1240 1296 1321 propriis
1343 1240 1647 1320 dampnis
1694 1249 1766 1305 et
1815 1238 2143 1321 periculiS,
2190 1236 2501 1316 quamdiu
2548 1234 2931 1315 vixerimus,

541 1342 866 1407 adversus
925 1362 1450 1423 unumquemque
1515 1344 1843 1409 hominem
1906 1350 1976 1408 et
2038 1360 2409 1423 personam,
2465 1340 2929 1417 cuiuscumque

538 1446 912 1527 dignitatis,
979 1448 1246 1512 honoris
1307 1462 1376 1510 et
1437 1460 1659 1511 status
1722 1449 1990 1529 existat,
2052 1448 2255 1511 etiam
2316 1446 2374 1511 si
2436 1444 2623 1525 regia
2670 1441 2930 1525 fulgeat

543 1548 895 1632 dignitate,
942 1550 1121 1615 nullo
1171 1557 1468 1631 excepto,
1517 1552 1695 1615 sicut
1740 1550 2052 1630 superius
2098 1559 2205 1614 est
2249 1566 2657 1630 expressum.

751 1655 852 1717 Ad
905 1655 1105 1718 talem
1156 1654 1616 1720 nichilominus
1664 1654 2165 1721 subventionem
2208 1670 2325 1719 nos
2360 1651 2688 1733 praedicti
2720 1650 2927 1730 Impe-

543 1764 730 1821 rator
775 1764 1108 1837 tamquam
1160 1760 1229 1823 B.
1277 1778 1394 1823 rex
1428 1768 1496 1824 et
1535 1760 1825 1825 marchio
1864 1760 1946 1824 M.
1976 1759 2225 1825 illustri
2274 1756 2556 1823 Rudolfo
2589 1754 2927 1835 Austriae,

545 1859 813 1941 Styriae
860 1870 931 1926 et
977 1862 1379 1927 Karinthiae
1443 1864 1597 1929 duci
1658 1872 1727 1929 et
1782 1864 1919 1929 suis
1980 1862 2306 1929 fratribus
2368 1880 2497 1927 non
2560 1860 2929 1927 tenebimur

543 1963 612 2029 in
660 1966 864 2057 terris
911 1982 1154 2047 eorum,
1208 1985 1374 2045 quas
1424 1967 1492 2032 in
1537 1968 1803 2033 Alsatia
1866 1976 1931 2032 et
1980 1966 2229 2033 Svevia
2272 1975 2503 2031 tenere
2548 1970 2929 2042 noscuntur,

545 2086 759 2149 neque
805 2069 935 2150 ipsi
985 2070 1335 2137 viceversa
1367 2073 1452 2136 ad
1483 2072 1650 2137 haec
1682 2072 1932 2137 auxilia
1964 2072 2027 2137 in
2062 2070 2265 2136 terris
2298 2066 2927 2150 Luczemburgensi,

543 2172 1012 2257 Limburgensi
1071 2182 1142 2240 et
1195 2176 1606 2242 Brabantiae
1664 2178 2021 2243 ducatuum
2084 2184 2155 2241 et
2214 2193 2438 2241 eorum
2500 2170 2925 2255 pertinentiis

541 2277 825 2360 obligari
871 2280 1212 2344 debebunt
1257 2280 1709 2359 quovismodo.

753 2380 854 2446 Ea
932 2383 1326 2462 conditione,
1415 2402 1588 2463 quae
1664 2385 1997 2465 civitateS,
2072 2390 2300 2450 castra
2382 2386 2450 2446 et
2527 2380 2925 2446 munitiones

545 2484 612 2549 in
673 2486 874 2551 terris
936 2488 1080 2552 eius
1143 2491 1252 2553 vel
1309 2507 1556 2572 eorum,
1618 2491 1732 2571 qui
1794 2489 2113 2572 suffragia
2174 2486 2683 2569 postulaverint.
2728 2501 2923 2565 expu-

543 2604 790 2668 gnatae
829 2595 900 2656 et
932 2593 1250 2658 obtentae
1281 2592 1547 2674 fuerint,
1579 2598 1833 2674 absque
1866 2594 2037 2658 omni
2070 2593 2541 2673 impedimento
2580 2590 2719 2654 sint
2750 2588 2926 2653 illius

545 2694 652 2759 vel
684 2693 963 2772 illorum,
998 2696 1062 2760 in
1098 2715 1372 2775 quorum
1399 2699 1600 2763 terris
1626 2706 1697 2764 et
1722 2697 2046 2779 dominiiS,
2078 2703 2153 2764 ut
2178 2696 2644 2777 praemittitur,
2682 2693 2927 2758 fuerint

543 2798 875 2880 acquisiti,
919 2818 1028 2864 res
1075 2819 1234 2865 vero
1283 2802 1558 2866 mobiles
1604 2812 1678 2867 et
1724 2803 1974 2882 captivi
2008 2801 2145 2866 sint
2176 2810 2248 2866 et
2278 2817 2429 2866 esse
2460 2800 2753 2863 debeant
2785 2799 2923 2864 eius

546 2903 653 2967 vel
701 2921 943 2984 eorum,
983 2904 1092 2982 qui
1128 2905 1290 2968 talia
1322 2907 1689 2971 obtinuerit
1721 2925 1839 2972 seu
1873 2905 2286 2972 obtinuerint
2318 2904 2455 2970 suis
2480 2903 2927 2968 sollicitudine

544 3015 614 3072 et
659 3009 904 3075 labore.
2912 3065 2917 3070 .

750 3112 842 3176 Et
890 3111 956 3178 in
1004 3113 1191 3178 cuius
1237 3115 1570 3181 adiutorio
1619 3135 1739 3180 nos
1787 3115 2125 3191 fuerimus,
2188 3115 2298 3180 ille
2346 3114 2533 3179 nobis
2596 3127 2924 3192 expensas

542 3234 820 3298 erogare
894 3219 1254 3300 tenebitur,
1339 3225 1500 3300 puta
1563 3238 1814 3300 panem,
1888 3221 2113 3284 vinum
2176 3227 2246 3283 et
2304 3217 2656 3284 cervisiam
2734 3215 2925 3280 iuxta

541 3325 869 3384 terrarum
933 3321 1492 3403 consuetudinem,
1540 3329 1679 3386 toto
1727 3328 2043 3402 tempore,
2090 3340 2216 3400 quo
2264 3339 2384 3385 nos
2432 3321 2497 3384 in
2538 3320 2684 3387 eius
2718 3318 2923 3385 conti-

542 3423 720 3505 gerit
766 3423 1095 3489 adiutorio
1141 3442 1548 3506 permanere.

751 3527 1068 3592 Volumus
1115 3529 1317 3594 etiam
1358 3533 1482 3595 sub
1529 3531 1657 3595 fide
1704 3529 2074 3596 iuramento
2117 3529 2459 3609 praetatis,
2494 3530 2668 3606 quod
2701 3545 2923 3592 omnes

541 3631 716 3697 aliae
787 3632 1266 3714 colligationes,
1335 3652 1500 3713 quas
1571 3634 1828 3716 pridem
1888 3633 2171 3700 invicem
2226 3631 2525 3712 fecimuS,
2584 3630 2923 3713 praesenti

538 3735 945 3818 colligationi
997 3737 1246 3802 nullum
1293 3740 1584 3804 debeant
1631 3738 2110 3822 praejudicium
2158 3755 2496 3817 generare.

747 3839 962 3922 Quam
1009 3840 1268 3920 quidem
1314 3843 1514 3924 ligam
1561 3851 2002 3924 praesentem,
2047 3842 2419 3907 iuramenta
2465 3847 2535 3905 et
2591 3837 2923 3921 promissi

540 3962 700 4010 ones
733 3943 912 4008 facta
959 3953 1026 4008 et
1073 3944 1290 4010 factas
1339 3948 1626 4028 desuper
1672 3947 2114 4028 promittimus
2162 3955 2232 4010 et
2279 3947 2577 4012 volumus
2622 3945 2812 4010 firma
2858 3947 2925 4007 et

537 4049 928 4116 inconvulsa
972 4069 1265 4132 servare,
1312 4054 1485 4117 bona
1531 4054 1681 4134 fide,
1727 4055 1977 4132 absque
2025 4053 2197 4118 omni
2231 4053 2397 4132 dolo,
2430 4058 2499 4115 et
2528 4067 2657 4114 non
2690 4056 2925 4115 contra

541 4155 764 4220 facere
811 4156 918 4221 vel
969 4157 1200 4221 venire
1248 4156 1694 4235 quovismodo,

747 4259 838 4322 Et
887 4277 1004 4324 nos
1053 4261 1381 4339 praedicti
1433 4261 1808 4342 Imperator
1854 4261 2159 4342 KaroluS,
2204 4267 2539 4338 tamquam
2582 4259 2654 4322 B.
2689 4276 2825 4337 rex,
2858 4266 2923 4322 et

539 4365 880 4428 Johaunes
928 4365 1221 4430 marchio
1269 4366 1374 4448 M,
1420 4367 1533 4445 qui
1581 4367 1649 4431 in
1698 4366 2038 4447 praesenti
2086 4365 2222 4446 liga
2254 4381 2387 4428 una
2418 4380 2703 4444 persona
2734 4381 2923 4443 repu-
