3288 4973
1317 379 1701 439 -139—

351 575 520 658 entia,
562 595 676 644 nec
721 596 858 644 non
904 599 946 644 a
989 580 1339 648 fidelitatis
1385 587 1456 648 et
1487 583 1777 665 homagii
1800 582 2201 666 juramento,
2234 583 2470 662 quibus
2504 582 2694 649 nobis

358 685 550 746 essent
604 683 890 766 astricti,
963 685 1366 751 absolvimus
1423 691 1494 752 et
1553 686 1895 754 absolutos
1954 705 2035 752 ac
2094 685 2338 754 liberos
2398 685 2697 770 dicimuS,

352 779 588 850 facimus
631 791 702 852 et
747 786 1113 854 omnimodo
1161 788 1568 872 nunciamuS‚
1615 790 1865 872 taliter,
1912 791 2383 870 quodammodo
2432 792 2517 856 ad
2576 809 2694 858 nos

353 891 409 950 et
445 887 705 956 heredes
752 893 865 958 vel
909 910 1332 960 successores
1379 900 1644 962 nostros
1693 900 2008 976 tanquam
2054 897 2141 961 ad
2188 894 2480 962 dominos
2536 914 2693 962 suos

352 990 562 1058 nullum
604 1006 982 1076 respectum
1029 997 1280 1064 habere
1327 1000 1636 1082 debeant,
1683 1007 1804 1065 aut
1849 999 2068 1080 aliquo
2128 999 2520 1083 juramento,
2580 1000 2694 1066 ho·

351 1097 532 1179 magio
575 1117 690 1166 seu
734 1100 1061 1167 fidelitate
1107 1103 1298 1168 nobis
1345 1103 1426 1169 de
1471 1107 1698 1169 cetero
1731 1102 1799 1168 in
1830 1109 2178 1172 aeternum
2209 1104 2697 1188 astringantur.

525 1203 602 1270 In
647 1221 922 1285 quorum
967 1209 1092 1272 etc.

525 1343 761 1410 Actum
807 1349 878 1410 et
921 1347 1149 1412 datum
1195 1346 1460 1429 Pragae
1505 1365 1563 1413 a.
1609 1347 1690 1413 D.
1742 1353 1907 1414 1336
1960 1347 2133 1414 feria
2192 1352 2492 1416 secunda
2552 1368 2696 1431 pro·

351 1444 496 1512 xima
535 1455 690 1515 ante
732 1448 976 1516 festum
1021 1449 1506 1532 purificationis
1555 1453 1612 1518 b.
1664 1452 1918 1518 Mariae
1962 1451 2133 1537 virg.

523 1585 636 1671 (A.
681 1588 778 1659 K.
827 1627 913 1638 -
957 1589 1348 1676 Grnnhaqen
1393 1589 1447 1657 Ι.
1490 1590 1638 1660 139.
1684 1628 1773 1642 -
1816 1591 1978 1660 Eml.
2024 1592 2065 1656 I
2076 1591 2135 1661 V.
2182 1591 2359 1678 269.)

525 1834 669 1900 124.
728 1831 1190 1920 Hildegerus
1236 1833 1328 1904 de
1373 1835 1706 1906 Nazzow
1764 1834 2054 1904 curiam
2120 1854 2335 1904 suam
2378 1833 2460 1904 in
2506 1833 2701 1904 villa

354 1927 697 2006 Dursdorf
745 1955 915 2006 oum
969 1937 1114 2006 XV
1157 1937 1386 2008 libris
1441 1937 1916 2010 hallensibus
1978 1938 2251 2008 annuis
2316 1937 2695 2008 reditibus

354 2051 390 2100 a
425 2034 696 2110 ,Ioanne
741 2059 928 2128 rege
971 2040 1054 2110 111
1097 2040 1399 2111 feudum
1445 2042 1743 2130 recipit.

529 2265 621 2351 (A
693 2267 822 2352 K)
988 2183 1182 2266 1336,
1230 2183 1336 2252 23.
1383 2181 1601 2253 Febr.
1651 2182 2034 2269 (Pragae.)

523 2512 662 2581 125.
722 2510 1273 2598 stipulationes
1336 2510 1669 2582 foederis
1728 2510 1991 2581 bellici
2052 2510 2257 2581 inter
2316 2511 2369 2580 J
2372 2531 2693 2580 oannem

353 2627 571 2696 regem
651 2618 730 2687 et
804 2616 1150 2685 Ottonem
1226 2614 1885 2703 arehiepiscopum
1958 2615 2694 2703 Magdeburgensem

352 2720 579 2789 contra
621 2718 1134 2791 marchionem
1178 2720 2018 2809 Brandenburgensem.

1212 2860 1406 2945 1336,
1455 2862 1518 2929 2.
1569 2860 1617 2929 J
1619 2858 1807 2929 unii.

529 2995 762 3063 Ioanne-s
810 3013 908 3052 rex
971 3012 1093 3053 cum
1154 2998 1379 3069 ottone,
1440 2998 1853 3067 archiepiscopo
1916 2996 2399 3068 Magdeburgensi‚
2446 3016 2491 3051 a.
2556 2998 2689 3050 1336

353 3076 536 3149 Pragae
567 3085 759 3141 foedus
797 3091 994 3139 contra
1029 3084 1370 3141 Ludovicum
1417 3086 1787 3140 marchionem
1840 3084 2434 3152 Brandenburgensem
2486 3090 2545 3139 et
2605 3084 2700 3138 ad·

351 3163 530 3231 jul-ores
561 3172 734 3242 ipsius
773 3170 917 3227 inire
954 3172 1221 3243 decrevit,
1260 3174 1418 3243 cujus
1455 3172 1697 3229 foederis
1736 3172 2129 3241 stipulationes
2166 3172 2307 3225 haec
2346 3176 2534 3226 erant:

527 3296 654 3363 Nos
701 3296 953 3363 dictum
999 3300 1058 3364 d.
1089 3297 1682 3382 archiepiscopum,
1716 3296 1775 3363 si
1808 3314 1953 3362 cum
1986 3296 2290 3377 praefato
2322 3295 2703 3362 marchione

363 3396 418 3457 et
453 3398 562 3465 sibi
602 3402 1129 3469 adhaerentibus
1176 3420 1294 3469 seu
1341 3403 1761 3486 adjutoribus
1792 3402 1929 3468 suis
1961 3400 2212 3482 aliquid
2244 3403 2468 3465 tacere
2498 3399 2702 3465 habu·

365 3498 482 3585 erit,
519 3503 578 3571 in
620 3506 913 3589 propriis
961 3506 1272 3589 expensis
1305 3512 1376 3573 et
1406 3510 1660 3588 absque
1691 3506 2025 3572 refusione
2058 3507 2485 3586 dampnorum
2518 3503 2707 3569 nobis

367 3616 461 3679 per
496 3625 630 3675 eum
676 3610 1003 3693 facienda,
1049 3610 1108 3677 si
1157 3629 1328 3692 quae
1375 3598 1502 3677 sibi
1557 3611 1937 3677 assistendo
1998 3609 2503 3692 sustineremus,
2565 3624 2711 3673 cum

373 3704 410 3769 C
443 3712 700 3791 galeatis
748 3720 818 3780 et
859 3714 1137 3781 totidem
1183 3715 1443 3783 levibus
1486 3715 1877 3799 hominibus,
1910 3715 2219 3780 thoraces
2251 3712 2359 3778 vel
2392 3710 2709 3793 panceria

367 3804 740 3901 habentibus,
787 3820 1172 3885 debebimus
1233 3824 1304 3885 et
1362 3820 1809 3902 promittimus
1867 3817 2311 3885 amicabiliter
2370 3816 2708 3899 adjnvare.

533 3919 617 3986 Et
685 3923 744 3989 si
809 3922 1022 4004 ipsius
1090 3924 1148 3989 d.
1216 3924 1703 4006 archiepiscopi
1771 3931 2171 4002 nostraeque
2248 3926 2483 4002 gentes
2560 3918 2705 3984 sive

369 4012 609 4091 homines
671 4024 936 4092 insimul
993 4027 1270 4093 adunati
1328 4028 1398 4093 in
1458 4030 1660 4095 terris
1721 4028 1887 4095 dicti
1945 4024 2347 4092 marchionis
2407 4023 2517 4091 vel
2578 4023 2709 4089 sibi

368 4121 820 4196 adhaerentium
865 4130 1123 4213 aliquas
1155 4133 1574 4216 munitioneS‚
1607 4133 1925 4200 civitates
1957 4149 2077 4198 seu
2112 4134 2338 4195 castra
2370 4146 2709 4213 expugna-

369 4228 564 4314 verint,
604 4234 864 4301 illarum
911 4254 1028 4301 seu
1075 4236 1336 4303 illorum
1381 4238 1596 4303 media
1642 4258 1799 4320 pars
1844 4240 1901 4304 d.
1935 4232 2437 4315 archiepiscopo
2470 4240 2540 4300 et
2574 4232 2709 4299 alia

371 4332 642 4405 medietas
687 4340 877 4406 nobis
927 4342 1266 4421 pertinere
1312 4344 1607 4410 debebit.
