3288 4973
1549 403 1631 413 ——
1688 371 1935 432 152-

749 575 819 642 Si
866 595 1026 642 vero
1089 595 1238 644 cum
1297 577 1394 643 eis
1457 578 1654 642 extra,
1714 571 1959 637 limites
2022 586 2178 636 suos
2234 569 2319 633 ad
2388 565 2643 632 alienas
2712 567 2929 626 terras

534 679 1050 759 processerimus
1084 681 1150 748 in
1186 697 1411 746 eorum
1446 676 1761 758 servitiiS,
1795 681 1955 742 tunc
2000 691 2132 740 non
2178 669 2389 738 solum
2434 687 2553 752 pro
2600 665 2934 752 expensiS,

531 801 763 849 verum
816 782 1022 850 etiam
1083 803 1199 864 pro
1256 782 1532 865 damnis,
1579 797 1751 862 quae
1813 777 2345 858 sustinuerimus,
2404 770 2596 839 nobis
2654 787 2929 850 respon-

529 888 687 952 dere
733 889 1142 953 tenebuntur
1205 893 1276 953 et
1335 906 1453 970 pro
1516 885 1815 953 servitiis
1876 881 2130 949 nostris
2174 899 2321 946 eam
2369 897 2499 960 qua
2546 871 2931 942 contentari

529 996 647 1056 aut
694 990 1065 1057 subsistere
1113 991 1463 1073 possimus,
1509 990 1733 1056 facere
1780 1003 2297 1068 recompensam.

738 1113 891 1177 Dat.
959 1113 1440 1179 Wratislaviae
1509 1113 1578 1178 in
1662 1109 2019 1193 epiphania
2109 1103 2375 1172 Domini
2436 1125 2498 1169 a.
2568 1103 2647 1168 D.
2740 1105 2929 1182 1337,

527 1216 742 1281 nostri
800 1218 920 1282 sub
983 1217 1391 1298 appensione
1453 1213 1659 1300 sigilli
1729 1214 1797 1280 in
1866 1209 2320 1281 testimonium
2390 1207 2929 1292 praemissorum.

736 1335 828 1423 (E
869 1339 1299 1422 transscripto
1359 1339 1534 1422 regis
1580 1334 1947 1421 Siqismudi
2004 1333 2150 1400 ddo.
2196 1331 2390 1414 1426,
2442 1333 2547 1396 20.
2594 1329 2797 1394 Mart:
2841 1365 2931 1376 —-

533 1439 728 1506 Arch.
789 1465 840 1508 c.
895 1463 950 1509 r.
1011 1439 1291 1505 aulicum
1359 1439 1542 1507 Vina.
1602 1475 1688 1488 —-
1756 1439 1932 1525 Chyt.
2004 1436 2134 1506 VII.
2192 1437 2351 1502 151.
2396 1472 2485 1484 —
2530 1431 2929 1516 &rauba-qm

535 1545 583 1614 1.
627 1546 778 1613 488.
824 1581 912 1595 —
954 1543 1116 1614 Eme.
1165 1545 1277 1613 IV.
1321 1544 1502 1630 372.)

741 1720 892 1788 139.
958 1717 1356 1806 Separatio
1412 1717 1819 1788 districtus
1866 1715 2056 1786 dicti
2100 1711 2476 1798 Prudnik,
2524 1709 2664 1780 siti
2698 1709 2937 1798 juxta

546 1823 828 1890 terram
874 1820 1229 1908 opaviae.

1475 1910 1670 1994 1337,
1716 1911 1781 1976 6.
1828 1907 2002 1977 Jn-n.

739 2047 776 2101 J
779 2061 984 2100 oannes
1009 2062 1125 2116 rex,
1161 2044 1370 2100 Kar-olo
1394 2045 1768 2116 primogenito
1792 2061 1891 2100 suo
1920 2043 2324 2112 consentiente,
2350 2041 2687 2102 districtum,
2718 2047 2935 2094 terram

537 2141 596 2188 et
635 2133 940 2203 civitatem,
980 2147 1121 2200 quae
1170 2133 1416 2186 Prudnik
1469 2133 1528 2186 in
1578 2132 1802 2200 vulgari
1856 2147 1953 2186 eeu
2010 2130 2165 2186 Nova
2222 2129 2440 2185 Civitas
2480 2127 2702 2194 dicitur,
2764 2127 2941 2182 sitam

529 2221 699 2290 juxta
735 2225 940 2275 terram
982 2218 1248 2289 (meviae,
1287 2220 1546 2275 Boleslao
1585 2219 1712 2274 duci
1750 2218 2041 2288 Opuliensi
2080 2226 2140 2272 et
2182 2219 2397 2272 domino
2446 2216 2503 2271 in
2554 2215 2936 2284 Falkenberg,

536 2323 633 2374 pro
669 2308 810 2362 2000
833 2321 1140 2362 marcarum
1165 2322 1246 2375 gr.
1276 2307 1444 2375 Prag.
1467 2306 1797 2374 polonicalis
1824 2306 2037 2361 numeri
2067 2303 2263 2360 vendit
2288 2321 2411 2360 cum
2436 2303 2686 2360 omnibus
2704 2303 2945 2374 juribus

537 2400 596 2448 et
632 2393 815 2461 metis,
871 2393 1020 2446 sicut
1074 2407 1194 2447 eam
1249 2392 1454 2447 domini
1511 2395 1578 2448 de
1631 2393 1960 2461 Rosenberg
2012 2395 2419 2462 possederunt3
2456 2391 2684 2446 insimul
2738 2393 2931 2448 dictos

528 2479 862 2550 districtum,
915 2486 1121 2535 terram
1171 2488 1228 2535 et
1279 2479 1569 2536 civitatem
1617 2481 1881 2551 adjungit
1930 2490 2117 2539 terrae
2151 2479 2652 2549 Falkenbergensi,
2690 2496 2725 2535 a.
2762 2488 2926 2536 terra

533 2566 810 2637 Boemiae,
847 2566 1131 2623 Mor-aviae
1169 2572 1230 2623 et
1268 2566 1517 2635 opaviae
1555 2576 1871 2637 separatos,

739 2672 868 2728 Dat.
907 2670 1310 2728 Wratislaviae
1345 2672 1489 2727 feria.
1526 2674 1595 2727 ΙΙ.
1635 2672 1695 2727 in
1732 2671 1821 2729 die
1860 2672 2193 2743 epiphaniae
2232 2672 2453 2727 Domini
2492 2688 2539 2726 a.
2584 2674 2731 2727 1337.

737 2776 1016 2865 (Graan.
1059 2778 1144 2845 Il.
1191 2780 1338 2848 305.
1381 2816 1468 2828 -
1513 2777 1736 2843 Emzer
1781 2777 1893 2847 IV.
1940 2778 2119 2867 370.)

738 2973 889 3038 140.
935 2970 1361 3055 BoleslauS‚
1410 2970 1564 3046 dux
1613 2970 1907 3041 Slesiae
1953 2974 2031 3041 et
2068 2970 2415 3041 dominus
2448 2970 2530 3040 in
2559 2968 2927 3041 Flu-sten-

533 3073 724 3161 berg
749 3076 826 3142 et
855 3074 1412 3162 Munsterberg,
1438 3074 1832 3144 civitatem
1861 3074 2422 3146 Frankenstein
2452 3075 2931 3163 oppignorat

535 3178 816 3249 Joanni
861 3177 1056 3265 regi.

1392 3269 1585 3352 1337,
1633 3270 1696 3335 7.
1744 3266 2061 3337 Januar.

739 3403 866 3458 List
903 3404 1077 3459 Bolka
1114 3405 1374 3459 kniezete
1413 3405 1917 3474 Mynstrberskeh0‚
1958 3410 2021 3459 ze
2059 3408 2255 3461 zemek
2290 3406 2411 3476 eviij
2446 3425 2479 3461 a
2502 3409 2677 3463 mesto
2702 3408 2928 3465 Frank·

530 3490 676 3544 stein
713 3491 952 3545 zaetavil
999 3491 1244 3561 (eiesai-i)
1283 3492 1510 3547 Kar-lovi
1547 3509 1581 3546 a
1618 3492 2069 3561 neunhoval-liby
2106 3496 2263 3549 Buoh
2307 3493 2441 3563 ,ieho
2496 3495 2597 3549 bez
2643 3496 2923 3553 dedicuov'

533 3578 833 3631 muzskeho
872 3578 1110 3647 pohlavi,
1149 3582 1214 3633 ze
1251 3584 1348 3635 ten
1385 3582 1581 3634 zemek
1613 3582 1702 3637 ma
1726 3581 1987 3647 spadnuti
2012 3597 2084 3637 na
2108 3582 2267 3636 krele
2291 3583 2471 3637 ceske.
2504 3584 2652 3637 1337.
2691 3582 2788 3653 (A.
2814 3584 2926 3654 K.)

737 3692 874 3759 Nos
923 3694 1152 3777 Polko,
1211 3695 1288 3761 D.
1337 3714 1434 3779 gr.
1494 3698 1628 3761 dux
1690 3695 1946 3763 Slesiae
2006 3704 2077 3762 et
2133 3698 2431 3765 dominus
2478 3698 2545 3764 in
2592 3700 2925 3768 Fui-sten-

533 3798 736 3863 berch
767 3805 837 3864 et
867 3797 934 3863 in
967 3800 1494 3885 Munsterberch‚
1525 3802 2059 3885 recognoscimus
2092 3802 2439 3887 magnifico
2465 3810 2535 3871 et
2558 3805 2927 3875 excellenti

533 3902 838 3986 principi,
886 3904 1144 3970 domino
1190 3905 1457 3987 Joanni‚
1505 3906 1576 3972 B.
1623 3905 1769 3990 regi
1816 3904 2064 3971 illustri
2110 3924 2190 3973 ac
2239 3908 2462 3974 comiti
2510 3910 2603 3994 L,
2654 3910 2925 3979 domino

529 4012 756 4075 nostro
832 4007 1191 4091 carissimo,
1266 4008 1335 4073 in
1413 4010 1665 4075 duobus
1733 4008 2021 4076 millibus
2090 4028 2461 4078 marcarum
2530 4034 2921 4098 grossorum

533 4111 950 4178 denariorum
997 4114 1432 4197 Pragensium
1478 4112 1868 4194 polonicalis
1907 4116 2240 4198 ponderiS,
2286 4118 2733 4203 quadraginta
2765 4126 2921 4188 octo

533 4236 799 4301 grossos
844 4236 962 4299 pro
1009 4236 1234 4284 marca
1279 4218 1580 4299 qualibet
1625 4220 2085 4303 computandO,
2131 4222 2214 4285 de
2262 4238 2392 4300 qua
2436 4240 2687 4289 summa
2718 4245 2921 4308 pecu-

531 4322 684 4388 niae
730 4322 902 4388 idem
950 4322 1246 4389 dominus
1293 4329 1523 4389 noster
1561 4342 1682 4388 rex
1712 4341 1829 4391 nos
1864 4323 2207 4406 expedivit
2237 4327 2402 4393 adeo
2438 4330 2611 4407 quod
2642 4335 2921 4397 conten-
