3288 4973
1400 418 1788 477 —187—

382 621 783 687 notabiliter
874 620 1326 702 sustinuimuS,
1404 625 1487 687 ad
1575 622 2021 687 suffocandum
2112 618 2482 686 debitorum
2559 618 2780 685 liuius-

380 726 563 791 modi
616 726 1031 809 voraginem,
1076 744 1198 792 nec
1254 744 1383 791 non
1436 728 1522 791 ad
1590 723 2116 807 recuperandum
2194 728 2262 790 et
2328 723 2779 791 redimendum

382 829 652 912 regalia
696 834 943 907 nostra,
991 850 1157 911 quae
1206 850 1326 913 per
1371 830 1843 913 obligationem
1893 836 1962 895 et
1995 829 2160 894 alios
2191 830 2414 895 modos
2447 848 2488 893 a
2519 847 2782 895 camera

382 936 578 1018 regia
627 934 955 1002 distracta
1000 942 1155 1002 sunt
1200 942 1271 1002 et
1318 935 1631 1018 alienata,
1689 940 1764 1001 ut
1827 935 1990 1017 ipsis
2051 932 2488 1016 recuperatis»,
2547 931 2782 999 incolis

382 1040 579 1121 regni
648 1039 863 1105 nostri
926 1047 1199 1122 optatae
1266 1040 1511 1121 quietis
1575 1046 1643 1105 et
1707 1039 1890 1122 pacis
1951 1040 2286 1105 commoda
2344 1038 2414 1103 in
2473 1036 2780 1105 iusticiae

382 1144 799 1211 certitudine
846 1163 923 1211 eo
968 1146 1301 1211 salubrius
1351 1164 1711 1227 procurare
1759 1146 2114 1226 possimus:
2158 1144 2284 1224 ipsi
2331 1145 2614 1209 barones
2661 1160 2782 1209 seu

382 1248 775 1333 regnicolas
824 1248 1169 1317 collectam
1217 1250 1597 1333 generalem
1642 1268 1761 1317 seu
1807 1249 2072 1332 regiam,
2118 1267 2286 1329 quae
2317 1250 2527 1314 berna
2560 1248 2780 1328 volga-

382 1354 557 1418 riter
612 1360 1050 1438 nuncupatur,
1113 1356 1193 1420 de
1254 1354 1443 1421 bonis
1490 1356 1780 1435 ipsorum
1829 1374 1910 1419 ex
1975 1372 2155 1419 mera
2202 1354 2494 1435 ipsorum
2539 1352 2779 1419 libera-

382 1456 589 1523 litate
638 1462 707 1523 et
752 1458 1227 1541 benivolencia,
1272 1465 1340 1525 et
1376 1476 1506 1525 non
1539 1478 1619 1524 ex
1653 1458 1870 1539 aliquo
1894 1458 2065 1540 jnre.
2098 1459 2182 1523 ad
2223 1475 2544 1541 praesens
2593 1457 2780 1525 nobis

382 1564 647 1628 dabunt
720 1582 799 1629 ac
876 1566 1035 1629 dare
1102 1566 1363 1630 solvere
1425 1569 1492 1629 et
1554 1562 1868 1645 expedire
1945 1562 2251 1630 benivole
2319 1562 2782 1645 promiserunt,

382 1667 696 1749 exceptis
757 1670 1085 1735 duntaxat
1144 1669 1279 1736 illis
1337 1668 1700 1735 baronibus
1763 1687 1880 1735 seu
1925 1668 2272 1750 nobilibus„
2335 1667 2444 1747 qui
2508 1669 2588 1733 de
2651 1685 2780 1733 non

384 1770 714 1838 solvenda
751 1790 869 1840 seu
898 1791 1031 1840 non
1060 1776 1283 1840 danda
1314 1777 1523 1840 berna
1554 1776 1635 1839 de
1668 1778 1898 1839 nostra
1947 1772 2294 1839 voluntate
2341 1771 2779 1839 iuramentum

382 1874 901 1961 praestiterunt,
994 1878 1103 1958 qui
1172 1880 1258 1943 ad
1332 1877 1722 1945 solutionem
1801 1878 2010 1959 ipsius
2083 1880 2330 1943 bernae
2399 1877 2780 1945 nullatenus

386 1986 713 2048 tenentur
758 2000 883 2049 nec
930 2000 1071 2048 eam
1120 1984 1453 2049 debebunt
1505 1985 1664 2048 dare
1711 1983 1819 2050 vel
1866 1982 2198 2065 expedire.
2266 1969 2273 1975 ’

605 2086 1033 2171 Quapropter
1098 2088 1519 2155 considerato
1590 2088 1846 2173 ingenti
1915 2090 2173 2154 ardoris
2252 2094 2322 2153 et
2398 2087 2778 2156 devocionis

382 2192 681 2274 ipsorum
728 2191 991 2273 affectu,
1038 2211 1163 2273 quo
1213 2210 1371 2275 erga
1418 2194 1643 2275 regale
1693 2192 1950 2259 culmen
2005 2194 2072 2259 in
2103 2192 2489 2276 praemissis
2521 2192 2778 2259 fervide

386 2296 795 2379 afficiuntur,
842 2296 1277 2377 volentesque
1326 2305 1520 2379 grata
1566 2296 2036 2364 vicissitudine
2081 2298 2372 2379 ipsorum
2428 2315 2778 2363 occurrere

384 2400 915 2484 benivolenciae,
963 2401 1376 2484 promisimus
1426 2410 1495 2469 et
1542 2403 1986 2484 promittimus
2030 2422 2148 2484 pro
2179 2402 2388 2486 nobis,
2418 2402 2776 2469 heredibus

388 2513 460 2574 et
509 2505 1009 2572 successoribus
1058 2508 1325 2591 nostri&
1381 2513 1555 2576 bona
1599 2510 1750 2592 fide,
1797 2514 1866 2574 et
1912 2508 2360 2575 sacrosanctis
2410 2506 2777 2592 evangeliis

386 2611 597 2677 tactis
643 2613 1083 2694 corporaliter
1128 2614 1493 2680 iuravimus
1540 2621 1609 2680 et
1655 2613 1969 2697 iuramuS,
2031 2615 2204 2694 quod
2265 2616 2346 2680 de
2394 2627 2662 2679 caetero
2709 2612 2778 2678 in

386 2721 787 2798 perpetuum
854 2716 1031 2782 nullo
1102 2734 1390 2797 unquam
1467 2723 1766 2801 tempore
1843 2739 1882 2784 a
1953 2717 2273 2800 praefatis
2370 2718 2774 2800 proceribuS,

384 2819 752 2887 baronibus
794 2839 912 2888 seu
943 2821 1179 2888 incolis
1212 2823 1401 2906 regni
1432 2823 1780 2906 praedicti,
1813 2828 1930 2893 aut
1959 2826 2043 2890 ab
2077 2825 2369 2906 ipsorum
2402 2823 2777 2906 heredibus

382 2926 621 2993 liberis
668 2929 738 2993 et
784 2925 1282 2994 successoribus
1332 2945 1460 2992 non
1508 2929 1820 2995 debemus
1886 2934 2006 2994 aut
2073 2947 2424 3010 possumus
2491 2928 2778 3008 aliquam

387 3032 739 3098 collectam
786 3031 1161 3113 generalem
1208 3051 1325 3098 seu
1373 3036 1641 3100 bernam
1692 3038 1944 3118 petere,
1990 3033 2255 3118 exigere
2303 3038 2420 3100 aut
2457 3032 2776 3114 recipere,

384 3143 507 3203 aut
551 3135 731 3218 exigi
791 3153 909 3201 seu
989 3136 1199 3217 recipi
1262 3155 1382 3218 per
1444 3157 1579 3220 noS,
1643 3138 1844 3204 alium
1908 3138 2014 3207 vel
2078 3138 2244 3203 alios
2291 3137 2776 3262 quomodolibet

390 3259 701 3321 umquam
746 3239 1221 3323 permittemuS,

599 3344 731 3410 nisi
799 3343 867 3410 in
937 3363 1113 3430 casu,
1194 3365 1320 3426 quo
1390 3351 1521 3414 tam
1593 3351 1676 3413 de
1735 3347 1904 3430 juie,
1980 3368 2172 3429 quam
2248 3351 2332 3414 de
2407 3349 2779 3429 approbata

390 3451 717 3518 hactenus
785 3451 1280 3534 consuetudine,
1359 3453 1593 3518 merito
1662 3451 1850 3518 nobis
1917 3459 2036 3518 aut
2105 3452 2458 3518 heredibus
2527 3452 2777 3517 nostris

390 3557 694 3637 debetur,
756 3559 1013 3638 utputa,
1074 3557 1133 3622 si
1194 3557 1477 3636 aliquem
1524 3557 1804 3623 filiorum
1850 3561 2226 3623 nostrorum
2281 3557 2496 3640 regali
2552 3556 2774 3622 diade-

390 3671 566 3727 mate
630 3658 938 3726 coronari
1002 3660 1069 3726 in
1132 3679 1353 3742 regem
1408 3662 1770 3745 contingat,
1834 3667 1952 3728 aut
2011 3661 2296 3742 aliquam
2364 3679 2446 3726 ex
2513 3660 2778 3727 filiabus

388 3764 659 3844 nostris,
706 3763 765 3828 si
809 3781 975 3844 quas
1017 3764 1461 3848 habuerimuS,
1495 3769 1644 3832 dum
1678 3768 1761 3831 ad
1795 3785 2001 3832 annos
2034 3766 2294 3832 nubiles
2327 3763 2777 3848 pervenerint,

388 3869 627 3952 nuptui
674 3885 790 3932 seu
835 3869 920 3932 ad
966 3870 1407 3935 maritandum
1456 3871 1947 3953 tradiderimuS,
1979 3875 2048 3937 et
2081 3875 2427 3954 postquam
2457 3870 2775 3936 maritata

386 3973 609 4054 fuerit,
684 3977 921 4054 postea
996 3993 1117 4056 per
1192 3973 1383 4040 unius
1440 3976 1599 4041 anni
1659 3976 1954 4056 spacium
2017 3980 2176 4041 tunc
2236 3975 2446 4057 ipsam
2505 3977 2776 4042 bernam

385 4077 568 4146 licite
618 4080 689 4141 et
734 4077 818 4142 de
856 4077 1005 4160 jure
1054 4079 1374 4161 recipere,
1422 4087 1654 4160 petere
1689 4084 1759 4146 et
1791 4080 2057 4162 exigere
2098 4079 2456 4162 poterimus
2489 4099 2528 4144 a
2560 4079 2776 4161 regni-

390 4183 551 4250 colis
600 4179 848 4247 nostris
882 4183 1265 4265 praedictiS,
1298 4184 1615 4250 videlicet
1664 4203 1782 4266 per
1829 4185 2110 4250 mediam
2144 4203 2432 4250 marcam
2471 4183 2776 4267 regalem,

390 4284 627 4368 viginti
673 4288 821 4350 octo
868 4303 1133 4366 grossos
1181 4288 1511 4354 duntaxat
1572 4307 1689 4369 pro
1751 4289 1965 4358 media
2025 4307 2248 4358 marca
2316 4291 2774 4375 computandO,

397 4395 473 4460 de
518 4388 819 4474 quolibet
864 4390 1055 4459 laneo
1104 4408 1224 4457 seu
1268 4410 1515 4462 mans0.
