3288 4973
1594 411 1982 471 —356—

803 614 929 680 Mit
990 613 1243 680 urkunt
1285 613 1424 680 ditz
1469 613 1677 680 briefs
1725 613 2050 696 versigelt
2095 612 2216 678 mit
2261 631 2463 678 vnser
2495 619 2636 679 stat
2676 612 2990 694 innsigel,

598 718 719 784 der
762 719 974 800 geben
1018 719 1111 784 ist
1158 735 1244 782 zu.
1288 717 1483 800 Eger,
1532 719 1614 785 do
1648 737 1800 783 man
1831 718 1970 783 zalt
2001 736 2131 783 von
2163 717 2470 782 Christus
2503 721 2748 802 geburt
2778 717 2992 784 dreit-

596 823 1101 888 zehenhundert
1174 822 1293 906 jar,
1372 824 1668 889 darnach
1745 823 1812 887 10
1889 823 2034 888 dem
2118 821 2596 904 funfftzigisteu
2663 821 2795 904 331,
2871 823 2994 886 des

597 929 921 993 nechsten
997 929 1351 1010 donrstags
1426 929 1602 994 nach
1676 934 1831 994 sant
1910 927 2412 994 Bartholomeus
2498 929 2618 994 des
2699 924 2994 1008 heiligen

598 1030 1017 1098 zwelflboten
1062 1035 1194 1114 tag.

807 1153 931 1235 (A.
979 1152 1104 1236 K.)

806 1344 959 1414 309.
1022 1341 1467 1429 Homagium
1522 1341 1867 1412 civitatis
1924 1341 2470 1413 Wratislaviae
2515 1340 2996 1426 wenceslao,

603 1445 860 1517 Caroli
907 1446 1035 1517 IV.
1085 1445 1617 1534 primogenito,
1667 1447 2142 1534 praestitum.

1091 1571 1287 1655 1351,
1332 1571 1399 1636 2.
1444 1567 1496 1638 J
1498 1567 1824 1638 aunarii.
1872 1567 2510 1653 (wratislaviae.)

808 1702 1093 1768 0011311103,
1124 1698 1301 1769 jurati
1340 1707 1399 1753 et.
1435 1699 1586 1753 cives
1626 1699 1744 1752 Wr.
1786 1701 1856 1753 ad
1892 1701 2212 1754 mandatum
2263 1696 2448 1754 Caroli
2485 1697 2566 1751 Iv
2625 1696 2763 1750 dom.
2823 1695 3000 1748 Wan-

602 1788 799 1856 ceslao,
821 1787 1195 1857 primogenito
1215 1787 1349 1857 ejus,
1375 1792 1641 1854 tanquam
1663 1787 1854 1842 heredi
1874 1787 2036 1854 regni
2057 1787 2316 1842 Boemiae
2337 1785 2656 1853 homagium
2677 1789 2994 1852 praestant.

605 1875 997 1942 (wenceslaus
1016 1874 1237 1928 interea
1256 1889 1397 1928 311110
1420 1875 1567 1942 1350,
1582 1877 1668 1928 30.
1686 1874 2023 1941 Decembris,
2045 1873 2228 1928 infans
2249 1875 2412 1928 unius
2433 1873 2581 1941 31101,
2599 1875 2851 1925 mortuus
2873 1871 2998 1934 est.)

812 1990 948 2055 Nos
1025 1988 1349 2068 00030103,
1430 1990 1643 2071 jurati
1719 1996 1789 2054 et
1865 1990 2276 2054 universitas
2368 1988 2609 2053 civium
2689 1983 2996 2051 civitatis

604 2093 1183 2160 Wratislaviensis
1246 2101 1479 2158 tenore
1541 2093 1994 2174 praesentium
2041 2100 2270 2159 notum
2313 2093 2595 2159 facimus
2641 2089 3002 2169 universiS,

606 2199 781 2278 quod
848 2199 933 2262 ad
1001 2199 1380 2263 mandatum
1450 2197 1863 2263 serenissimi
1931 2203 2002 2263 et
2059 2196 2484 2264 invictissimi
2545 2194 2872 2277 principis
2928 2199 3002 2258 et

606 2301 851 2367 domini
915 2300 1127 2366 nostri
1172 2301 1471 2383 gratiosi,
1534 2303 1593 2368 d.
1657 2302 1877 2368 Caroli
1936 2303 2014 2368 R.
2076 2323 2125 2367 r.
2187 2322 2234 2368 s.
2297 2320 2353 2366 a.
2417 2306 2488 2367 et
2548 2301 2620 2366 B.
2681 2300 2882 2379 regis,
2929 2301 3004 2361 et

595 2404 794 2488 juxta
840 2404 1177 2484 antiquam
1234 2404 1421 2489 regni
1485 2406 1798 2471 Boemiae
1859 2405 2404 2473 consuetudinem
2465 2406 2708 2470 dudum
2771 2402 2998 2467 lauda-

607 2510 835 2577 biliter
880 2514 1324 2591 observatam,
1378 2528 1633 2576 necnon
1694 2512 2176 2578 ordinationem
2237 2510 2601 2593 providam,
2660 2526 2862 2589 quam
2919 2506 3001 2571 01.

606 2632 791 2681 10010.
856 2614 1138 2679 1111131113
1195 2619 1264 2680 01
1308 2617 1698 2699 magnificus
1762 2617 2072 2698 princeps
2131 2628 2204 2681 et.
2259 2616 2564 2681 dominus
2625 2616 2876 2692 noster,
2935 2612 3000 2675 d.

600 2718 901 2784 ‚Ioannes
948 2720 1275 2801 quondam
1324 2718 1397 2783 Β.
1445 2738 1583 2802 rex,
1630 2720 1894 2802 genitor
1940 2720 2168 2801 103103,
2216 2728 2478 2787 matura
2511 2714 3000 2783 deliberatione

608 2823 989 2889 instituisse
1036 2821 1468 2906 dignoscitur,
1516 2843 1646 2903 qua
1690 2824 1836 2904 ipse
1868 2823 2278 2905 praedictum
2317 2823 2645 2889 dominum
2677 2826 3000 2899 nostrum,

604 2927 788 2993 Rom.
835 2932 907 2992 01
972 2929 1044 2992 Β.
1106 2944 1345 3009 regem,
1408 2928 1914 3009 primogenitum
1977 2946 2183 3010 suum,
2243 2929 2518 3011 ejusque
2583 2926 2867 2991 heredes
2927 2930 3004 2988 et

603 3050 1029 3097 successores
1078 3051 1198 3113 per
1241 3031 1675 3098 masculinam
1719 3032 1962 3097 lineam
2027 3034 2512 3099 descendentes
2571 3033 2656 3096 ab
2721 3030 2864 3110 ipso
2927 3026 3000 3092 in

602 3135 906 3217 praefato
954 3154 1156 3219 regno
1205 3154 1322 3201 suo
1374 3137 1444 3201 B.
1496 3155 1652 3203 suos
1698 3136 1982 3203 heredes
2030 3156 2179 3203 esse
2235 3135 2605 3218 constituit,
2665 3134 2880 3199 voluit
2926 3138 3002 3199 et

603 3240 922 3321 decrevit,
984 3238 1431 3306 illustrissimo
1492 3240 1780 3322 principi
1827 3245 2072 3323 nostr0,
2120 3243 2178 3306 d.
2229 3239 2646 3322 wenceslao,
2707 3237 3001 3319 praefat-i

603 3344 847 3410 domini
893 3342 1124 3426 nostri,
1174 3345 1251 3409 R.
1300 3352 1369 3410 01
1418 3344 1489 3410 Β.
1539 3344 1740 3427 regiS‚
1803 3343 2256 3429 primogenite,
2318 3344 2533 3410 animo
2600 3328 3000 3425 deliberato,

603 3466 731 3514 non
801 3467 921 3530 per
989 3467 1278 3514 errorem
1342 3453 1462 3513 aut
1521 3449 1906 3531 improvide,
1963 3452 2082 3515 sed
2143 3448 2444 3516 omnibus
2512 3449 2692 3515 votis
2740 3447 3004 3531 pariter

600 3554 1093 3636 accedentibus,
1137 3552 1207 3618 in
1254 3553 1635 3634 praesentia
1697 3556 1757 3620 d.
1806 3555 2092 3620 Conradi
2153 3555 2236 3619 de
2299 3552 2762 3635 Falkgnheim,
2818 3551 3002 3632 capi-

602 3657 787 3722 tanei
836 3657 1067 3740 nostri,
1116 3664 1183 3723 et
1230 3658 1692 3723 nonnullorum
1739 3659 2054 3724 nobilium
2101 3676 2180 3724 ac
2226 3660 2354 3725 fide
2388 3657 2732 3739 dignorum
2765 3674 3000 3737 corpo-

604 3760 777 3826 ralia
814 3762 1199 3843 juramenta
1232 3762 1515 3843 homagii
1548 3767 1617 3827 et
1650 3762 2071 3828 obedientiae
2106 3767 2310 3843 atque
2344 3761 2694 3828 fidelitatis
2730 3763 3002 3829 debitae

602 3865 1062 3947 praestitimus
1096 3870 1167 3931 et
1200 3870 1655 3947 praestamus;
1703 3884 1959 3931 necnon
1993 3866 2410 3946 promisimus
2445 3873 2516 3932 et
2549 3866 3004 3948 promittimus

603 3973 775 4036 bona
822 3970 951 4035 fide
1000 3975 1231 4035 nostra
1277 3976 1346 4036 et
1395 3970 1540 4035 sine
1588 3970 1755 4053 dolo,
1799 3988 1916 4050 pro
1964 3970 2175 4052 nobiS,
2226 3972 2582 4038 heredibus
2629 3978 2706 4039 et
2739 3990 3005 4038 succes-

600 4073 861 4139 soribus
909 4074 1159 4139 nostris
1206 4074 1273 4138 in
1322 4080 1730 4154 perpetuum,
1779 4075 1863 4137 ad
1912 4073 2287 4153 praefatum
2328 4075 2656 4141 dominum
2698 4083 3005 4142 nostrum

604 4178 1068 4244 Wenceslaum
1090 4178 1157 4243 in
1178 4196 1354 4260 casu,
1374 4178 1486 4243 ubi
1506 4176 1794 4243 fortasse
1817 4179 2313 4245 serenissimum
2333 4179 2658 4245 dominum
2677 4187 3000 4261 nostrum,

606 4280 975 4363 genitorem
1008 4281 1215 4363 ipsius
1250 4283 1472 4365 (quem
1506 4282 1690 4348 Deus
1723 4280 2140 4363 omnipotens
2175 4284 2511 4349 custodire
2544 4284 2893 4371 dignetur)
2915 4290 3004 4354 ab

605 4386 730 4450 hac
778 4386 924 4451 luce
974 4385 1259 4467 migrare
1306 4386 1748 4471 contingeret,
1797 4386 2250 4453 immediatum
2297 4389 2545 4455 habere
2599 4396 3008 4480 respectum,
