3288 4973
2657 6 3234 114 *ww-1!

1450 386 1844 447 -170—

454 593 526 655 et
570 590 1017 673 disbrigandis
1062 590 1509 674 imposterum,
1552 594 1755 673 prout
1791 594 1987 677 pater
2017 594 2089 655 et
2119 586 2336 655 frater
2365 588 2579 657 nostri
2612 606 2834 671 posse-

454 694 699 759 derunt
742 698 816 761 et
862 693 1259 777 habuerunt,
1318 696 1666 777 assignata
1726 700 1798 761 et
1843 696 2091 762 donata
2151 694 2346 761 nobis
2409 695 2628 775 quoad
2681 710 2836 760 usu-

452 796 742 865 fructum
788 814 910 879 per
952 796 1281 865 dominum
1326 818 1549 881 regem
1594 800 1672 865 B.
1717 798 2038 883 inclytum
2085 804 2155 865 et
2183 816 2394 883 usque
2423 800 2512 865 ad
2539 804 2840 881 tempora

452 903 637 971 vitae
682 906 955 969 nostrae
998 902 1382 971 utifruenda
1424 922 1546 987 per
1590 923 1711 971 nos
1757 908 1828 969 et
1871 903 2292 987 possidenda,
2345 908 2502 985 post
2559 908 2835 971 mortem

454 1012 682 1074 autem
702 1012 998 1075 nostram
1022 1005 1328 1089 praefata
1351 1012 1646 1075 castrum
1671 1012 1740 1075 et
1762 1008 2076 1091 oppidum
2105 1007 2294 1073 Kant
2321 1026 2474 1075 cum
2501 1006 2838 1075 Camerer·

454 1111 613 1179 dors
680 1116 751 1178 et
808 1111 1223 1179 utilitatibus
1282 1130 1363 1177 ac
1424 1112 1857 1194 pertinentiis
1927 1111 2066 1179 suis
2126 1110 2479 1196 univcrsiS,
2544 1130 2664 1195 per
2718 1129 2840 1179 nos

456 1216 783 1299 possessis
826 1221 899 1283 et
941 1216 1212 1300 habitis,
1256 1218 1343 1283 ad
1387 1216 1603 1298 ipsum
1649 1217 1980 1284 dominum
2035 1233 2262 1301 regem
2303 1222 2378 1283 et
2419 1234 2842 1284 successores

458 1339 632 1403 suos,
676 1320 989 1389 Boemiae
1036 1338 1249 1404 reges,
1295 1321 1543 1388 debent
1594 1321 1902 1404 protinus
1947 1319 2222 1387 revolvi.

665 1424 919 1491 Harum
967 1432 1346 1491 nostrarum
1392 1424 1778 1492 testimonio
1825 1423 2190 1493 literarum.

664 1556 912 1623 Datum
957 1554 1414 1623 Vratislaviae
1460 1573 1517 1621 a.
1564 1554 1646 1622 D.
1697 1561 1882 1638 1337,
1927 1554 2098 1623 feria
2129 1558 2326 1622 sexta
2354 1555 2654 1637 proxima
2681 1562 2844 1622 ante

461 1661 851 1728 dominicam
896 1662 1210 1729 Laetare.

664 1792 787 1879 (A.
833 1792 929 1863 K.
974 1830 1061 1843 --
1106 1790 1500 1881 Griinkaqen
1548 1794 1597 1862 I.
1644 1795 1750 1861 88.
1797 1830 1881 1844 —-
1925 1792 2145 1858 Emler
2187 1793 2230 1857 Ι
2237 1792 2300 1861 V.
2343 1792 2520 1879 407.)

670 1986 820 2053 152.
881 1982 1189 2054 Hem-ici
1248 1984 1467 2057 ducis
1515 1983 1810 2057 Slesiae
1855 1983 2287 2072 dominique
2331 1984 2412 2054 in
2457 1983 2509 2055 J
2515 2002 2722 2054 awer
2767 1986 2848 2053 et

462 2087 987 2175 Furstenberg
1031 2086 1329 2174 literae,
1374 2107 1523 2179 quo
1586 2088 1807 2160 modo
1866 2107 2006 2159 rex
2066 2088 2118 2159 J
2119 2107 2402 2159 oannes
2465 2088 2536 2159 ei
2597 2086 2842 2158 indul·

408 2268 425 2285 ‚
464 2191 659 2263 serit
701 2212 747 2263 a
792 2192 1112 2264 civitate
1160 2192 1578 2265 Sitaviensi
1622 2193 1934 2265 bernam
1979 2192 2315 2282 exigere.

1343 2318 1539 2404 1337,
1584 2319 1695 2387 28.
1742 2315 1962 2387 Mart.

672 2455 801 2512 List
834 2456 1095 2513 lmiezete
1132 2456 1416 2513 Henricha
1449 2455 1811 2528 Javorskeho,
1859 2460 1925 2513 ze
1962 2472 1990 2512 s
2025 2457 2180 2514 vuoli
2223 2457 2384 2514 krale
2433 2455 2672 2513 eeskeho
2719 2456 2848 2511 νηί

464 2542 618 2599 berni
656 2558 722 2599 ze
761 2544 936 2612 svych
970 2545 1299 2614 poddanych
1336 2561 1371 2600 a
1406 2549 1474 2601 ze
1508 2545 1750 2614 polovici
1787 2547 1846 2601 te
1884 2546 2054 2602 berne
2089 2547 2178 2601 ma
2213 2544 2448 2602 obtatiti
2488 2558 2563 2600 na
2615 2543 2850 2612 vyplatu

464 2630 623 2685 zboM
660 2632 1035 2699 zastavenych
1076 2635 1227 2687 1337.
1266 2631 1367 2702 (A.
1406 2632 1507 2703 K.)

670 2755 809 2821 Nos
856 2755 1189 2823 Henricus
1234 2757 1313 2824 D.
1362 2776 1458 2842 gr.
1506 2756 1762 2823 Slesiae
1825 2758 1975 2843 duX,
2036 2758 2336 2824 dominus
2397 2757 2464 2822 in
2508 2755 2739 2824 Jawer
2781 2758 2854 2822 et

466 2859 987 2945 Furstcnberch,
1018 2861 1353 2929 universis
1399 2867 1795 2945 praesentes
1843 2861 2076 2929 literas
2115 2861 2522 2944 inspecturis
2553 2859 2854 2928 volumus

464 2961 605 3030 fore
658 2971 905 3049 notum,
975 2968 1148 3048 quod
1210 2985 1358 3033 cum
1420 2965 1810 3049 magnificus
1871 2965 2173 3032 dominus
2229 2965 2574 3033 Johaunes
2619 2963 2696 3030 B.
2737 2981 2857 3030 rex

466 3069 655 3135 nobis
716 3069 1088 3154 indulserit,
1148 3076 1223 3138 ut
1283 3091 1325 3138 a
1372 3071 1655 3139 civitate
1713 3075 1784 3137 et
1845 3070 2034 3139 bonis
2097 3070 2336 3138 civium
2398 3075 2468 3137 et
2525 3067 2852 3137 hominum

466 3171 995 3256 Syttaviensium
1062 3177 1145 3243 de
1203 3193 1432 3242 marca
1492 3175 1788 3257 qualibet
1847 3194 2042 3241 unum
2104 3175 2391 3243 lotonem
2458 3191 2836 3259 grossorum

464 3279 727 3345 nomine
772 3281 1141 3348 exactionis
1175 3283 1611 3367 exigeremuS,
1642 3279 2089 3362 promittimus
2120 3280 2402 3348 firmiter
2431 3285 2500 3345 et
2529 3283 2856 3345 tenemur,

466 3385 639 3464 quod
700 3401 821 3451 nos
881 3385 1308 3454 medietatem
1368 3385 1576 3454 totius
1638 3384 1960 3468 pecuniae
2013 3383 2192 3452 illius
2253 3387 2534 3451 exactae
2595 3381 2854 3450 nomine

467 3487 632 3555 dicti
678 3490 736 3554 d.
782 3489 963 3574 regis
1024 3493 1097 3556 et
1141 3508 1260 3572 pro
1322 3507 1399 3556 eo
1460 3487 1530 3554 in
1593 3507 1850 3555 summa
1913 3494 2084 3554 2000
2148 3505 2534 3570 marcarum,
2595 3485 2664 3552 in
2725 3504 2856 3568 qua

466 3599 655 3661 certa
718 3596 892 3660 bona
950 3598 1023 3660 et
1076 3593 1536 3676 possessiones
1596 3595 1682 3661 ad
1747 3598 2042 3660 castrum
2103 3593 2288 3660 Kant
2349 3591 2728 3674 spectantia
2788 3597 2862 3657 et

465 3698 843 3766 districtum
889 3699 1132 3766 ibidem
1178 3703 1336 3766 sunt
1382 3697 1680 3783 obligata
1709 3697 1990 3783 pignori,
2020 3716 2142 3779 pro
2177 3694 2596 3764 exsolutione
2627 3711 2853 3762 eorum

469 3803 807 3871 defalcare
880 3802 948 3871 in
1013 3803 1165 3888 ipsa
1239 3823 1507 3889 summa,
1566 3811 1828 3886 partem
1887 3802 2167 3870 mediam
2237 3802 2452 3884 ipsum
2513 3801 2573 3866 d.
2635 3818 2859 3882 regem

465 3908 959 3992 contingentem
1004 3909 1313 3975 totaliter
1360 3910 1834 3975 deducendam.

674 4014 925 4082 Harum
958 4013 1134 4080 serie
1177 4013 1524 4081 literarum
1571 4065 1585 4080 .
1636 4065 1650 4078 .
1697 4064 1710 4077 .

672 4134 919 4200 Datum
1002 4133 1485 4204 Wratislaviae
1574 4152 1630 4200 a.
1699 4133 1778 4199 D.
1853 4139 2036 4217 1337,
2127 4131 2238 4200 die
2315 4131 2644 4198 dominica
2721 4149 2857 4212 qua

469 4241 786 4308 cantatur
828 4237 1138 4308 Laetare.

672 4360 796 4448 (A.
842 4357 939 4432 K.
986 4398 1070 4411 —
1116 4361 1508 4450 Griinhaycn
1552 4363 1601 4430 I.
1646 4363 1749 4430 88.
1794 4400 1881 4414 --
1927 4360 2143 4427 Emler
2188 4359 2300 4425 IV.
2346 4357 2522 4446 408.)
