3288 4973
1458 375 1800 436 -67-

632 578 771 644 Nos
818 579 1027 646 Polko
1074 579 1154 647 D.
1204 599 1301 664 gr.
1348 581 1484 644 dux
1530 577 1910 661 Opuliensis
1957 584 2028 644 et
2058 577 2362 644 dominus
2394 577 2462 645 in
2494 577 2818 645 Valchen-

405 686 605 767 berg,
650 684 1189 767 recognoscimus
1236 687 1305 749 et
1349 681 1639 748 fatemur
1683 689 1918 750 tenore
1965 681 2420 765 praesentium
2462 681 2818 764 universiS,

408 807 543 854 nos
593 805 741 854 esse
788 787 1155 870 principem
1186 792 1257 852 et
1286 790 1616 856 vasallum
1643 788 1981 872 magnifici
2012 787 2257 854 domini
2288 787 2501 854 nostri
2531 787 2578 852 J
2583 787 2814 853 oannis

408 893 495 958 B.
543 897 615 958 et
658 893 732 959 P.
778 891 959 975 regis
1005 909 1085 957 ac
1132 893 1392 958 comitis
1432 893 1505 957 L.
1538 897 1609 957 et
1640 894 1726 958 ab
1759 911 1835 958 eo
1873 896 2119 958 terram
2152 896 2451 957 nostram
2485 890 2810 957 Valchen-

405 997 625 1063 berch
667 1015 815 1063 cum
860 996 999 1062 suis
1041 995 1448 1078 eivitatibus,
1480 997 1609 1064 vid.
1647 994 2166 1079 Valchenberch‚
2199 995 2526 1080 Glogouia
2557 993 2808 1060 minore

406 1105 485 1167 et
531 1099 803 1166 Czulcss
848 1117 1107 1166 necnon
1160 1097 1435 1165 Strelitz
1499 1099 1739 1182 oppido
1800 1117 1944 1164 cum
2003 1098 2366 1164 munitione
2427 1097 2672 1164 ibidem
2737 1104 2808 1165 et

406 1205 729 1286 Pransyn
772 1203 1157 1284 munitione,
1221 1221 1370 1268 cum
1430 1203 1634 1270 etiam
1695 1203 1894 1286 villis„
1953 1203 2344 1287 hominibuS,
2405 1202 2680 1270 vasallis
2740 1209 2810 1267 et

407 1307 738 1376 militibus
784 1309 869 1372 ad
916 1308 1101 1390 ipsas
1147 1309 1609 1389 spectantibus
1657 1327 1739 1374 ac
1782 1307 1934 1373 aliis
1981 1307 2118 1375 suis
2175 1306 2604 1390 pertinentiis
2664 1307 2808 1373 uni·

404 1413 653 1494 versis,
698 1411 765 1476 in
814 1413 1333 1492 quibuscumque
1380 1411 1774 1495 consistant,
1837 1430 2000 1491 quas
2045 1431 2219 1478 nunc
2263 1412 2580 1478 habemus
2627 1415 2697 1478 et
2737 1413 2807 1478 in

402 1522 751 1598 posterum
797 1533 1025 1582 sumus
1080 1533 1487 1597 quocumque
1548 1514 1746 1616 titulo
1807 1517 2122 1598 hablturi,
2181 1521 2430 1597 nostro,
2489 1516 2804 1582 heredum

402 1625 481 1686 et
560 1638 1019 1687 successorum
1094 1624 1471 1687 nostrorum
1538 1619 1820 1703 nomine,
1894 1622 2128 1686 ducum
2204 1620 2654 1702 Opuliensium
2731 1627 2802 1686 et

404 1725 820 1792 dominorum
880 1723 1123 1790 ibidem
1176 1723 1246 1789 in
1293 1725 1818 1808 Valchenberch,
1877 1723 2216 1806 recepisse
2275 1725 2343 1790 in
2406 1723 2672 1792 feudum
2734 1731 2805 1798 et

406 1833 497 1895 ab
544 1827 690 1912 ipso
736 1833 971 1894 tenere
1017 1845 1098 1894 ac
1144 1827 1490 1909 possidere
1539 1827 1695 1912 jure
1755 1835 1828 1894 et
1885 1827 2082 1894 titulo
2142 1826 2410 1908 feudali,
2476 1830 2801 1914 volentes,

404 1935 587 2014 quod
662 1933 947 1999 heredes
1022 1937 1093 1997 et
1169 1951 1587 2000 successores
1662 1934 1896 2014 nostri,
1984 1934 2184 1998 duces
2261 1933 2654 2013 Opulienses
2731 1938 2802 1999 et

404 2037 657 2103 domini
702 2037 771 2102 in
814 2036 1323 2103 Valchenberch
1370 2035 1748 2120 praelibati,
1787 2038 1985 2122 juxta
2027 2036 2403 2102 litterarum
2457 2037 2799 2103 continen-

396 2142 588 2224 tiam,
636 2159 799 2221 quas
846 2159 890 2210 a
932 2140 1234 2221 praefato
1283 2140 1541 2207 domino
1587 2148 1838 2224 nostro,
1883 2159 2042 2224 rege
2089 2140 2184 2224 R,
2229 2158 2430 2222 super
2475 2159 2552 2207 eo
2615 2159 2801 2206 rece·

402 2245 623 2328 pimus
671 2249 743 2310 et
784 2245 1125 2328 habemus,
1171 2247 1699 2325 quandocunque
1743 2245 2157 2326 praedictam
2206 2250 2458 2310 terram
2503 2249 2798 2310 nostram

398 2367 654 2416 vacare
701 2347 1085 2431 contigerit,
1132 2366 1277 2414 eam
1322 2352 1406 2415 ab
1453 2349 1599 2430 ipso
1644 2350 1908 2416 domino
1955 2353 2184 2414 nostro
2232 2367 2390 2431 rege
2437 2352 2557 2416 aut
2586 2366 2628 2412 a
2659 2349 2794 2414 suis

398 2453 761 2520 heredibus
808 2453 919 2519 vel
964 2451 1477 2519 successoribus
1513 2452 1674 2537 suiS,
1720 2453 1794 2519 B.
1841 2453 2128 2537 regibus,
2161 2451 2230 2519 in
2261 2452 2454 2520 feudo
2487 2452 2790 2533 recipere

397 2566 662 2639 temper
728 2557 1045 2639 deinceps
1092 2558 1383 2623 debeant
1445 2562 1517 2625 et
1578 2564 1812 2624 tenere
1877 2563 1947 2623 et
2011 2557 2189 2624 facto
2239 2557 2368 2624 sibi
2415 2559 2787 2625 servandae

396 2668 770 2743 perpetuae
815 2661 1161 2728 fidelitatis
1207 2660 1529 2747 homagi0,
1580 2662 1756 2728 sicut
1802 2666 1871 2728 et
1916 2680 2036 2729 nos
2083 2680 2258 2729 nunc
2303 2669 2674 2745 spontanea
2719 2668 2790 2728 et

396 2766 617 2833 libera
662 2765 1015 2831 voluntate
1059 2765 1355 2851 fecimus,
1404 2766 1465 2832 ei
1512 2766 1621 2832 vel
1667 2766 1784 2850 eis,
1829 2770 2142 2847 tanquam
2187 2768 2332 2851 ejus
2392 2768 2500 2833 vel
2564 2784 2788 2833 eorum

394 2870 714 2953 princeps
761 2875 833 2935 et
876 2870 1207 2953 vassalu8‚
1254 2869 1519 2936 sincera
1563 2872 1693 2937 fide
1724 2871 2075 2936 intendere
2111 2872 2397 2937 debeant
2428 2876 2498 2935 et
2531 2888 2786 2950 parere.
2821 2902 2830 2911 ·

611 2974 691 3039 In
736 2971 925 3055 cujus
969 2974 1069 3039 rei
1116 2973 1569 3041 testimonium
1615 2980 2008 3059 praesentes
2055 2974 2323 3041 litteras
2370 2974 2514 3040 fieri
2557 2980 2636 3039 et
2659 2974 2790 3040 siu-

396 3078 561 3161 gillo
608 3082 839 3145 nostro
873 3078 1191 3164 jussimus
1247 3080 1649 3146 communiri.

609 3220 853 3283 Actum
899 3217 1197 3300 Opaviae
1243 3237 1300 3283 a.
1346 3218 1425 3285 D.
1478 3222 1664 3303 1327,
1710 3218 1858 3285 Kal.
1906 3220 2154 3286 Martii.

605 3355 724 3441 (A.
750 3353 847 3424 K.
866 3390 954 3405 --
968 3354 1281 3423 Palkava.
1297 3395 1383 3405 —
1400 3356 1794 3443 Grilnhayen
1819 3358 1904 3425 II.
1927 3360 2071 3424 303.
2088 3396 2176 3407 —-
2190 3356 2406 3422 Emler
2420 3358 2544 3425 III.
2561 3358 2781 3445 1246.)

604 3564 709 3630 59.
756 3560 1198 3631 Kazimirus
1244 3560 1399 3631 dux
1447 3562 1927 3657 Tessinensis
1973 3564 2458 3652 recognoscit
2496 3586 2579 3635 se
2611 3586 2780 3636 esse

394 3664 778 3737 vasallum
822 3665 875 3735 J
877 3665 1146 3736 oannis
1193 3666 1428 3753 regis.

1274 3792 1468 3875 1327,
1518 3794 1625 3860 18.
1673 3786 1893 3861 Febr.

606 3924 731 3978 List
780 3924 1068 3979 Kazimira
1120 3926 1381 3981 kniezete
1437 3926 1802 3998 Tesinskeho,
1845 3930 1989 3983 Indoi
2044 3934 2314 4001 vyznam
2371 3937 2434 3989 ze
2492 3950 2518 3989 s
2567 3936 2669 3989 tim
2719 3950 2778 3989 se

390 4013 540 4065 vfiim
578 4015 674 4065 coi
711 4014 801 4066 ma
836 4010 945 4067 neb
982 4014 1139 4067 mieti
1178 4014 1337 4084 bude,
1386 4016 1507 4084 jest
1542 4032 1758 4071 manem
1801 4017 1960 4072 krale
1999 4018 2235 4073 ceskeho
2275 4036 2307 4073 a
2337 4020 2469 4089 Jeho
2507 4022 2782 4076 buddcich

388 4114 461 4166 po
501 4098 676 4151 vecne
719 4102 867 4166 easy.
909 4100 1058 4153 1327.

604 4220 741 4288 Nos
802 4220 1179 4287 Kazimirus
1226 4221 1309 4288 D.
1357 4242 1453 4307 gr.
1500 4224 1580 4291 D.
1628 4227 1763 4291 dux
1809 4227 2367 4295 Thesschinensis
2429 4249 2781 4315 recognos-

387 4327 603 4393 cimus
650 4328 719 4391 et
762 4323 1051 4391 fatemur
1092 4330 1327 4393 tenore
1373 4329 1824 4409 praesentium
1870 4332 2223 4420 universis,
2269 4354 2388 4402 nos
2421 4354 2569 4401 esse
2600 4336 2780 4418 prin-

2467 4454 2536 4509 5*
