3288 4973
511 566 631 629 pro
677 548 914 628 quibus
977 550 1166 615 nobis
1227 554 1476 615 terram
1539 546 1839 629 Opaviae
1894 546 2122 633 (prout
2181 549 2250 614 in
2304 546 2553 611 litteris
2610 548 2893 623 desuper

507 651 830 718 confectis
877 652 1186 737 docetur)
1233 652 1498 719 nomine
1545 652 1843 735 pignoris
1891 650 2363 737 obligavit‚3ad
2396 649 2893 730 requisitionem

503 755 606 821 sui
653 757 760 823 vel
809 756 916 821 cui
968 757 1400 839 deputaverit
1444 775 1562 822 seu
1609 774 1804 837 quem
1848 758 1935 822 ad
1999 757 2122 823 hoc
2180 754 2625 837 constituerit,
2684 754 2895 836 ipsam

503 870 756 927 terram
788 861 1088 943 Opaviae
1131 881 1274 929 cum
1320 861 1653 930 universis
1676 862 1939 947 juribus
1974 872 2044 929 et
2077 860 2501 944 pertinentiis
2533 859 2691 940 suiS,
2726 859 2897 925 sicut

501 966 692 1033 nobis
738 968 1037 1051 obligata
1083 977 1207 1051 est,
1254 968 1384 1035 sibi
1433 968 1914 1051 resignabimus
1960 968 2169 1035 libere
2218 974 2287 1034 et
2334 970 2583 1046 absque
2630 973 2889 1031 contra·

511 1069 804 1136 dictione
850 1072 1148 1152 qualibet
1195 1072 1597 1154 supradicta.

719 1176 1175 1243 Promittimus
1243 1177 1517 1258 insuper
1581 1176 1713 1243 fide
1789 1194 1973 1258 pura,
2048 1180 2221 1257 quod
2290 1178 2467 1241 sicut
2520 1174 2780 1258 juravit
2822 1180 2893 1239 et

515 1280 816 1358 promisit
886 1280 1222 1347 Heoricus
1291 1283 1372 1347 de
1421 1280 1659 1363 SylicZ‚
1706 1283 2113 1347 castellanus
2171 1281 2379 1346 castri
2448 1279 2610 1345 dicti
2678 1278 2893 1345 Grecz

513 1402 717 1464 prope
785 1384 1130 1451 civitatem
1207 1384 1547 1467 Opaviam,
1627 1384 1726 1451 sic
1794 1395 1865 1450 et
1925 1386 2058 1468 alii,
2122 1404 2285 1466 quos
2353 1384 2421 1450 in
2492 1382 2891 1450 castellanos

507 1487 752 1553 ibidem
800 1487 1070 1568 praefici
1165 1489 1540 1573 contigerit,
1619 1495 1979 1569 antequam
2055 1491 2548 1572 praeficiantur,
2614 1490 2701 1554 ad
2768 1488 2892 1552 hoc

493 1591 820 1673 jurabunt
868 1598 937 1657 et
999 1595 1410 1676 promittent,
1457 1596 1629 1659 idem
1692 1600 1986 1661 castrum
2048 1596 2134 1659 ad
2198 1613 2431 1661 manus
2492 1595 2657 1658 dom.
2715 1590 2892 1674 regis

503 1696 835 1778 praedicti
859 1697 969 1763 vel
993 1696 1096 1763 cui
1121 1698 1547 1781 disposuerit,
1565 1706 1915 1781 postquam
1940 1700 2068 1766 sibi
2092 1701 2175 1766 de
2202 1699 2549 1781 praedicta
2573 1696 2893 1780 pecuniae

509 1800 834 1867 solutione
904 1800 1304 1885 constiterit,
1365 1804 1618 1882 absque
1678 1822 1863 1869 mora
1919 1802 2063 1869 sive
2124 1804 2471 1885 dispendio
2532 1802 2893 1885 resignare.
2936 1836 2943 1842 -

719 1904 935 1988 Super
993 1908 1229 1987 quibus
1291 1914 1685 1990 praesentes
1746 1908 1889 1975 fieri
1952 1914 2024 1973 et
2070 1909 2319 1974 nostris
2366 1914 2435 1973 et
2480 1907 2893 1990 supradicto-

517 2028 658 2075 rum
705 2009 1080 2077 Bernhardi
1144 2030 1222 2077 ac
1268 2012 1542 2078 Henrici
1607 2015 1841 2078 ducum
1888 2012 2129 2097 sigillis
2174 2012 2447 2079 fecimus
2494 2010 2895 2079 communiri.

513 2114 604 2179 Et
650 2134 767 2181 nos
816 2117 1244 2183 Bernhardus
1291 2124 1362 2181 et
1407 2117 1761 2196 Henricus,
1808 2122 2366 2201 recognoscentes
2399 2136 2519 2183 nos
2563 2113 2893 2198 promisis—

512 2238 584 2284 se
633 2221 1000 2301 praemissa
1047 2229 1114 2287 et
1160 2220 1380 2287 omnia
1443 2222 1540 2287 sic
1601 2232 1757 2287 acta
1804 2240 1971 2301 esse,
2018 2222 2239 2306 sigilla
2286 2230 2519 2287 nostra
2565 2239 2696 2286 una
2748 2238 2893 2285 cum

514 2323 753 2407 sigillis
799 2326 1128 2392 dictorum
1173 2329 1424 2408 ducum,
1470 2334 1845 2394 nostrorum
1889 2326 2302 2409 patruelium,
2348 2327 2417 2393 in
2450 2346 2674 2394 eorum
2704 2326 2893 2390 testi-

511 2430 792 2498 monium
839 2431 1266 2513 apposuimus
1314 2430 1467 2497 huic
1513 2432 1783 2513 scripto

713 2537 960 2600 Datum
1005 2535 1074 2600 in
1122 2535 1427 2602 Olomutz
1474 2555 1532 2600 a.
1579 2537 1659 2602 D.
1712 2543 1897 2620 1311,
1944 2537 2105 2602 Idus
2150 2537 2333 2603 Julii.

716 2655 967 2742 (Chytil
1023 2655 1124 2724 VI.
1171 2658 1275 2724 52.
1341 2695 1402 2702 --
1457 2657 1849 2742 Grilnhayen
1903 2657 1993 2725 II.
2044 2659 2192 2726 466.
2235 2697 2322 2707 ·-—
2366 2658 2526 2726 End.
2582 2659 2707 2724 Ill.
2766 2657 2897 2742 23.)

737 2795 856 2866 14.
888 2796 1288 2866 'tractatus
1327 2815 1555 2882 super
1587 2796 2103 2867 marchionatu
2136 2797 2516 2868 Moraviae
2546 2799 2745 2867 inter
2772 2795 2819 2866 J
2826 2817 2895 2865 o-

517 2919 778 2969 annem
839 2918 1096 2987 regem
1161 2899 1506 2970 Boemiae
1572 2904 1652 2970 et
1710 2901 2169 2972 Fridericum
2230 2902 2491 2974 ducem
2550 2903 2894 2972 austriae

519 3004 908 3075 ordinatus
951 3023 998 3072 a
1043 3023 1226 3091 rege
1271 3003 1774 3075 Romanorum
1819 3006 2183 3076 firmatur.

1372 3108 1599 3195 1311,
1654 3110 1771 3180 15.
1819 3111 2049 3180 Junii.

724 3244 1079 3310 Heinricus
1127 3245 1571 3311 Romanorum
1618 3262 1739 3308 rex
1786 3249 1911 3310 etc.

719 3349 812 3416 Ut
857 3349 1034 3414 inter
1095 3349 1391 3414 illustres
1451 3349 1845 3430 -Johannem,
1918 3349 1987 3413 B.
2036 3356 2104 3414 et
2152 3349 2222 3414 P.
2285 3367 2543 3433 regem,
2579 3355 2899 3430 primoge-

513 3455 722 3520 nitum
755 3454 1066 3519 Nostrum
1101 3505 1112 3516 .
1145 3505 1156 3518 .
1194 3505 1205 3517 .
1240 3457 1308 3518 et
1341 3453 1757 3518 Fridericum
1790 3455 2021 3519 ducem
2070 3454 2385 3520 Austriae
2420 3507 2432 3519 .
2464 3507 2477 3519 .
2514 3505 2525 3520 .
2563 3452 2897 3534 amplioris

517 3554 853 3624 amicitiae
910 3555 1184 3622 foedera
1229 3562 1683 3638 perseverent,
1746 3562 2081 3624 tractatus
2144 3577 2259 3623 seu
2314 3556 2901 3640 comportatiouem

516 3665 696 3729 inter
778 3663 1044 3726 eosdem
1117 3679 1319 3741 super
1393 3660 1857 3726 marchionatu
1918 3662 2261 3728 Moraviae
2308 3681 2518 3744 nuper
2565 3661 2902 3727 ordinatos

518 3769 693 3848 apud
771 3765 1014 3848 Egram
1091 3768 1548 3848 approbamus,
1632 3766 1976 3831 laudamus
2053 3772 2121 3830 et
2196 3766 2445 3831 eisdem
2520 3783 2904 3846 expressum

520 3887 912 3937 consensum
957 3869 1269 3934 Nostrum
1317 3875 1386 3935 et
1433 3870 1807 3937 benivolum
1852 3871 2237 3936 adhibemus
2286 3880 2413 3936 etc.

721 3995 969 4058 Datum
1017 3993 1085 4058 in
1132 3995 1380 4060 castris
1427 4000 1586 4059 ante
1633 3993 1931 4059 Brixiam
1978 3995 2157 4061 XVI.
2212 3995 2356 4061 Kal.
2404 3995 2571 4060 Julii
2617 4014 2673 4058 a.
2722 3999 2903 4074 1311,

517 4099 708 4184 regni
753 4117 911 4164 vero
961 4097 1190 4164 Nostri
1238 4115 1412 4164 anno
1469 4099 1691 4165 tertiO.

721 4218 949 4305 (Kwrz,
1017 4219 1355 4284 Friedrich
1421 4221 1480 4286 d.
1549 4219 1793 4283 &chone
1860 4221 2008 4284 423.
2080 4257 2155 4267 -
2205 4219 2425 4306 Chytic
2509 4220 2607 4286 VI.
2662 4220 2769 4284 47.
2828 4255 2905 4264 —

508 4323 664 4388 Eml.
712 4323 836 4392 III.
885 4324 1014 4408 24.)
