3288 4973
1317 262 1705 322 -561—

309 462 659 527 desselben
705 460 1156 546 kunigreichs,
1198 482 1279 528 zu
1327 464 1583 529 rechtir
1623 462 1969 531 erbschaft
2001 482 2121 529 vor
2152 468 2487 547 gewartet
2519 464 2714 531 habt,

311 566 445 631 und
491 584 581 631 nu
628 567 800 634 noch
843 584 1070 649 seyme
1128 569 1285 634 tode
1333 569 1452 634 das
1501 577 1879 651 vorgenant
1940 567 2264 635 halbeteil
2324 569 2460 634 und
2522 568 2582 633 ir
2626 567 2725 634 uff

313 688 455 750 uns,
510 671 638 736 den
694 677 1072 754 egenanten
1118 672 1306 738 unsir
1364 690 1507 754 sun,
1569 672 1755 740 unsir
1814 674 2022 739 erben
2083 672 2216 737 und
2280 671 2714 755 nochkomen‚

312 774 540 857 kunge
587 793 710 840 czu
755 775 1030 841 Beheim
1085 778 1221 844 und
1279 777 1388 843 die
1451 795 1653 843 crone
1716 777 2072 843 desselben
2132 775 2565 860 kunigreichs
2632 795 2716 843 zu

315 877 609 960 Beheim,
657 877 966 945 lediclich
1015 881 1466 947 widerkomen
1516 882 1650 947 seit
1701 933 1714 948 .
1764 933 1775 946 .
1826 932 1839 946 .

522 1000 593 1048 so
640 984 954 1066 gebieten
1001 985 1126 1050 wir
1172 1036 1184 1050 .
1231 1035 1244 1049 .
1294 1036 1306 1048 .
1353 985 1478 1050 daz
1523 984 1585 1050 ir
1631 985 1887 1051 zuhant
1932 984 2103 1051 noch
2136 983 2532 1067 angesichte
2566 984 2717 1049 dicz

312 1084 564 1151 briefes
612 1088 758 1153 dem
807 1139 820 1152 .
867 1139 882 1154 .
928 1139 940 1152 .
989 1090 1209 1170 kunge
1270 1089 1739 1155 Wentzlawen
1785 1139 1801 1154 .
1848 1139 1862 1154 .
1908 1140 1921 1154 .
1984 1087 2086 1155 als
2148 1106 2371 1155 uwerr
2434 1089 2716 1155 rechten

312 1189 735 1256 naturlichen
779 1192 913 1256 und
962 1193 1301 1259 erblichen
1348 1192 1695 1259 herschaft
1730 1192 1983 1261 huldet.
2015 1192 2242 1275 globet
2274 1193 2409 1257 und
2443 1196 2719 1258 sweret.

525 1345 646 1428 (A.
679 1345 773 1415 K.
807 1387 893 1397 —
927 1347 1025 1431 Cf.
1057 1346 1270 1413 Pelzel
1299 1348 1466 1411 Karl
1496 1348 1605 1417 IV.
1630 1370 1693 1416 π.
1721 1346 1943 1413 CCXX
1955 1347 2022 1415 V.
2049 1384 2136 1397 —
2162 1346 2416 1413 Granh.
2450 1347 2506 1413 Ι.
2540 1347 2716 1429 185.)

523 1593 675 1660 598.
722 1590 1019 1661 Foedus
1066 1612 1235 1661 cum
1278 1591 1675 1663 Friderico
1727 1590 2172 1680 lantgravio
2236 1589 2709 1677 Turingensi

316 1694 396 1763 et
441 1693 765 1765 Alberto
813 1695 1085 1766 comite
1132 1695 1499 1782 palatino.

1418 1820 1613 1886 1368.

527 1952 650 2007 List
703 1953 1000 2009 Fridricha
1051 1956 1337 2011 lantkrabi
1395 1956 1747 2020 durinskeho,
1807 1954 1950 2007 kdez
2004 1953 2153 2021 sebe,
2210 1952 2403 2007 dedice
2447 1953 2712 2008 ibuduci

313 2041 585 2109 zavazuje
624 2040 690 2093 K.
728 2042 876 2095 krali
914 2043 1189 2111 &eskemm
1227 2042 1476 2096 dedicom
1513 2043 1531 2095 i
1572 2042 1846 2110 buducim,
1866 2040 1985 2110 jich
2025 2040 2267 2094 dobreho
2299 2039 2529 2108 hledeti,
2556 2040 2705 2106 proti

312 2132 469 2182 vsem
505 2145 542 2183 v
571 2127 693 2197 jich
732 2129 1036 2195 poti-ebach
1072 2144 1335 2197 pomocen
1373 2130 1510 2196 byei.
1551 2130 1648 2197 (A.
1689 2129 1791 2194 K.)

526 2267 654 2322 List
689 2268 995 2324 Albrechta
1031 2268 1325 2337 falckrab1‘‚
1362 2267 1505 2323 kdez
1543 2267 1690 2335 sebe,
1729 2266 1925 2322 dedice
1961 2267 1979 2320 i
2021 2266 2226 2320 buduci
2266 2265 2406 2335 (sve)
2444 2267 2716 2334 zavazuje

313 2355 604 2423 pomahati
662 2353 893 2411 Karlovi
954 2356 1099 2410 krali
1153 2356 1428 2423 ceskemu‚
1483 2355 1732 2409 dedicom
1787 2354 1806 2406 i
1858 2353 2143 2420 buducim3
2199 2358 2264 2406 tu
2315 2352 2453 2407 take
2507 2352 2715 2407 obecne

318 2442 621 2497 odiekanie
660 2443 824 2498 tehoz
861 2441 1182 2512 Albrechta‚
1221 2444 1427 2499 vsecko
1464 2444 1636 2511 pravo
1677 2441 1922 2512 davajici
1957 2440 2105 2495 krali
2143 2441 2419 2496 ceskemu.
2470 2439 2566 2509 (A.
2609 2440 2712 2511 K.)

525 2674 676 2741 599.
726 2668 979 2740 Castri
1025 2668 1493 2739 Lichteneck
1538 2667 1988 2738 infeudatio.

1418 2811 1617 2878 1368.

528 2965 653 3021 List
686 2965 832 3021 Jana
868 2967 1252 3032 Strytmayara
1291 2984 1320 3018 z
1358 2964 1728 3033 Lichteneku,
1764 2970 1829 3017 ze
1866 2966 2063 3018 zamek
2101 2961 2415 3018 Lichtenek
2448 2962 2703 3030 poddava

317 3056 519 3111 ciesari
561 3054 624 3108 K.
665 3072 700 3109 a
735 3054 879 3108 krali
914 3053 980 3107 V.
1022 3070 1056 3107 a
1092 3053 1305 3106 korune
1342 3054 1506 3106 ceske
1544 3069 1578 3105 v
1616 3051 1916 3106 manstvie.
1958 3050 2056 3117 (A.
2097 3050 2200 3116 K.)

527 3294 681 3360 600.
784 3288 1230 3359 Enuntiatio
1335 3286 1592 3357 Caroli
1681 3285 1810 3355 IV.
1901 3303 2132 3370 super
2235 3283 2474 3351 berna
2568 3300 2707 3368 per

318 3395 706 3467 Boemiam
752 3396 1088 3480 recepta.
2452 3392 2456 3398 ’

530 3555 842 3619 Imperator
875 3567 974 3617 per
1011 3557 1373 3616 autumpnum
1415 3550 1549 3601 1369
1588 3557 1835 3600 moratus
1879 3551 1967 3597 est
2022 3544 2081 3597 in
2123 3543 2379 3610 partibus
2425 3539 2713 3608 Poloniae‚

319 3652 380 3699 et
417 3641 549 3709 quia
585 3637 809 3707 quidam
848 3639 1014 3691 duces
1054 3636 1268 3691 Sleziae
1307 3633 1685 3689 vendicabant
1722 3631 1827 3686 sibi
1858 3632 1953 3700 jus
1992 3629 2363 3686 successionis
2401 3629 2463 3681 in
2500 3628 2713 3681 ducatu

320 3725 688 3794 Svidnicensi‚
729 3741 825 3779 rex
854 3740 984 3778 vero
1010 3722 1276 3776 Poloniae
1303 3719 1662 3788 computabat
1687 3733 1892 3787 magna
1918 3717 2124 3785 debita,
2152 3716 2209 3770 in
2236 3715 2435 3783 quibus
2465 3713 2575 3768 sibi
2604 3714 2718 3767 dux

318 3814 699 3874 Svidnicensis
739 3811 960 3880 (Bolko)
996 3816 1343 3863 remanserat
1380 3808 1682 3875 obligatu5‚
1708 3805 2020 3871 Imperator
2046 3803 2311 3871 imposita
2335 3802 2509 3856 berna
2535 3814 2709 3867 gene-

317 3903 424 3958 rali
462 3902 520 3957 in
558 3900 785 3956 Boemia
821 3896 1093 3965 persolvit
1131 3896 1320 3950 debita
1358 3900 1416 3947 et
1456 3891 1692 3946 redemit
1720 3892 1813 3960 jus
1854 3888 2221 3944 successionis
2263 3893 2380 3942 tam
2418 3903 2450 3940 a
2485 3883 2713 3953 propria

322 3989 455 4058 filia,
494 3990 719 4043 ducissa
754 3983 1038 4051 Ananiae,
1078 3998 1239 4050 quam
1276 3981 1346 4035 ab
1386 3979 1516 4035 aliis
1559 3977 1789 4032 ducibus
1829 3977 2064 4032 Sleziae.

535 4075 614 4130 Et
651 4074 801 4128 datis
838 4073 967 4126 hinc
1006 4071 1134 4126 inde
1175 4067 1386 4124 litteris
1416 4069 1755 4137 juraveruut
1806 4064 2039 4119 barones
2079 4069 2138 4117 et
2177 4061 2443 4116 civitates
2484 4059 2721 4112 ducatus

327 4164 574 4234 ejusdem
609 4160 943 4218 Wenceslao
981 4158 1103 4227 regi
1143 4155 1212 4210 ad
1250 4170 1507 4210 coronam
1552 4153 1713 4221 regni
1751 4150 2010 4206 Boemiae
2048 4157 2323 4218 perpetuo
2351 4153 2410 4201 et
2435 4145 2722 4212 insepara-

326 4251 521 4307 biliter
557 4255 830 4317 spectare.
872 4249 1088 4317 (Beness
1126 4246 1193 4296 de
1240 4242 1519 4308 WeiCmul.)

436 4371 588 4414 Codex
613 4371 695 4420 jur.
732 4369 831 4411 boh.
865 4368 924 4409 11.
955 4373 991 4408 1.
2454 4338 2520 4389 36
