3288 4973
1570 335 1915 397 -70-..

547 543 731 625 ipsas
777 549 848 608 et
891 541 1104 623 ipsam
1147 539 1628 622 spectantibus,
1672 545 1744 606 et
1774 538 1925 605 aliis
1957 539 2095 608 suis
2127 539 2552 623 pertinentiis
2583 538 2973 629 universis,

549 647 638 713 in·
679 647 1178 728 quibuscunque
1243 643 1636 726 consistant,
1705 662 1871 724 quas
1938 650 2009 711 et
2070 664 2243 726 quae
2295 663 2469 711 nunc
2522 644 2834 728 possidet
2888 649 2968 710 et

545 751 958 834 inposterum
984 766 1378 831 quocunque
1406 746 1606 814 titulo
1637 749 2025 832 possidebit,
2056 767 2197 833 suo,
2227 751 2541 816 heredum
2573 753 2643 814 et
2668 766 2962 816 succes-

549 875 770 924 sorum
815 873 1094 938 suorum,
1142 854 1378 919 ducum
1423 851 2005 935 Ratiboriensium,
2052 853 2119 918 in
2165 854 2414 920 nostris
2462 858 2845 934 spontanea
2886 859 2969 918 et

549 962 763 1028 libera
807 961 1155 1029 voluntate
1200 957 1552 1040 resignans
1599 957 1903 1024 manibus
1949 977 1989 1022 a
2036 955 2225 1023 'nobis
2272 956 2531 1038 recepit
2571 956 2639 1022 in
2670 955 2963 1024 feodum

548 1072 620 1133 et
662 1065 845 1131 facto
890 1063 1081 1130 nobis
1125 1080 1247 1143 per
1291 1079 1438 1127 eum
1485 1061 1754 1128 debitae
1790 1061 2137 1128 fidelitatis
2168 1061 2472 1144 homagio
2503 1062 2713 1144 nobis,
2746 1061 2964 1128 here·

549 1169 740 1237 dibus
787 1173 857 1233 et
902 1164 1401 1233 successoribus
1447 1165 1715 1248 nostriS,
1780 1166 2050 1249 regibus
2113 1167 2203 1250 Β.,
2250 1172 2569 1245 tanquam
2622 1163 2965 1248 princeps

547 1278 618 1342 et
661 1271 956 1338 vasallus
1001 1273 1234 1336 noster
1278 1287 1357 1335 ac
1403 1269 1595 1350 regni
1637 1270 1855 1336 nostri
1900 1270 1975 1335 B.
2022 1270 2324 1350 promisit
2374 1266 2665 1336 fideliter
2710 1269 2961 1336 inten-

550 1379 711 1445 dere
781 1381 850 1443 et
915 1393 1180 1458 parere:
1246 1391 1368 1441 nos
1423 1371 1634 1455 ipsius
1696 1375 2092 1458 subjectioni
2152 1373 2473 1440 benevole
2532 1391 2612 1439 ac
2676 1372 2748 1439 in
2818 1375 2967 1442 hac

553 1485 748 1563 parte
823 1482 1021 1564 grata
1095 1477 1559 1546 vicissitudine
1635 1495 1985 1544 occurrere
2061 1478 2509 1560 disponentes,
2583 1477 2805 1558 ipsum
2890 1479 2967 1544 in

549 1589 865 1668 nostram,
925 1585 1240 1649 heredum
1287 1587 1357 1647 et
1404 1599 1861 1648 successorum
1906 1587 2302 1660 nostrorum,
2348 1599 2577 1666 regum
2623 1582 2696 1648 B.
2744 1599 2967 1662 prae-

549 1689 890 1772 dictorum,
923 1686 1404 1769 protectionem
1435 1693 1755 1766 tanquam
1790 1685 2152 1769 principem
2185 1692 2256 1752 et
2288 1685 2609 1753 vasallum
2639 1691 2968 1753 nostrum

548 1791 904 1873 recipimus
947 1797 1016 1857 et
1046 1792 1346 1874 tutelam,
1379 1791 1865 1872 promittenteS,
1896 1808 2066 1870 eum,
2098 1791 2377 1857 heredes
2410 1794 2483 1857 et
2514 1807 2969 1858 successores

556 1913 712 1962 suos
759 1895 1138 1977 praedictos
1186 1893 1254 1959 in
1301 1892 1598 1959 omnibus
1646 1892 1775 1960 sibi
1821 1895 2353 1975 competentibus
2392 1894 2673 1979 juribuS‚
2718 1893 2966 1977 dispo-

547 2004 754 2066 nente
825 1997 1124 2082 Domino,
1184 1999 1533 2082 magnifice
1593 2015 1995 2066 conservare
2056 2003 2126 2064 et
2191 2001 2511 2079 tanquam
2580 1999 2971 2078 quemlibet

549 2102 914 2185 principem
976 2107 1046 2168 et
1107 2102 1432 2170 vasallum
1489 2107 1792 2168 nostrum
1851 2101 2131 2168 ubilibet
2189 2101 2549 2169 defendere
2604 2121 2685 2168 ac
2745 2106 2967 2172 tueri.

762 2207 1104 2274 Faventes
1152 2209 1221 2272 et
1268 2209 1713 2274 concedentes
1760 2206 1889 2274 sibi
1935 2207 2003 2272 in
2064 2211 2472 2290 perpetuum,
2528 2213 2603 2272 ut
2660 2207 2785 2272 filii
2844 2209 2963 2275 sui

545 2311 826 2394 legitimi
875 2327 955 2376 ac
1001 2311 1195 2394 filiae,
1239 2309 1297 2375 si
1343 2327 1506 2391 quos
1552 2315 1671 2377 aut
1718 2310 1776 2376 si
1822 2327 1985 2391 quas
2045 2312 2249 2376 habet
2309 2313 2419 2380 vel
2479 2311 2810 2396 habuerit,
2880 2313 2964 2382 in

547 2413 896 2499 praedicta
954 2417 1139 2480 terra
1197 2433 1322 2482 sua
1379 2414 1665 2482 Ratibor
1724 2415 1854 2482 sibi
1914 2415 2197 2482 invicem
2256 2433 2518 2499 semper
2577 2419 2965 2485 succedere

546 2520 838 2585 debeant
895 2517 1047 2602 ‚iure
1117 2525 1188 2583 et
1255 2520 1449 2587 titulo
1517 2520 1780 2588 feodali.
1851 2519 2105 2604 Quibus
2172 2520 2230 2586 si
2299 2520 2614 2605 caruerit,
2686 2527 2963 2593 extunc

545 2624 760 2706 ipsam
786 2628 1036 2690 terram
1069 2641 1272 2708 suam,
1303 2632 1454 2707 post
1484 2625 1694 2707 ipsius
1728 2624 2047 2691 Lesconis
2080 2626 2443 2709 decessum,
2464 2628 2619 2711 jnre
2642 2644 2960 2711 congruo

546 2726 1013 2809 possidendam
1059 2728 1275 2810 possit
1319 2728 1390 2793 in
1437 2729 1580 2795 vita
1627 2746 1747 2796 sua
1792 2729 1991 2796 alicui
2047 2729 2416 2812 principum
2477 2733 2561 2796 ad
2622 2750 2763 2816 noS,
2830 2735 2958 2801 he-

547 2832 744 2897 redes
805 2838 876 2895 et
939 2850 1362 2899 successores
1434 2840 1719 2918 nostros,
1786 2853 1981 2919 reges
2043 2836 2117 2899 B.
2183 2836 2579 2919 antedictos,
2640 2840 2961 2909 debitum

547 2953 667 3017 per
709 2933 1007 3001 feodales
1055 2954 1316 3019 semper
1358 2937 1632 3005 habenti
1696 2944 2095 3024 respectum,
2156 2944 2225 3005 et
2283 2942 2511 3007 valeat
2571 2942 2961 3027 resignare.

543 3038 938 3122 Resignatio
999 3060 1159 3108 vero
1219 3044 1387 3109 haec
1446 3042 1636 3109 nobis
1700 3044 1970 3110 debebit
2025 3061 2146 3127 per
2180 3062 2356 3130 eum,
2402 3046 2746 3113 cui-terra
2794 3048 2961 3131 ipsa

546 3143 891 3227 resignata
910 3144 1135 3231 fuerit,
1157 3146 1470 3231 intimari,
1505 3166 1701 3228 quam
1724 3153 1944 3215 ratam
1966 3154 2035 3215 et
2060 3156 2322 3234 gratam
2345 3169 2466 3218 nos
2490 3151 2959 3233 promittimus

549 3248 918 3313 habituros,

757 3352 898 3437 Quo
947 3355 1006 3419 si
1051 3354 1222 3421 forte
1255 3374 1384 3421 non
1418 3356 1596 3421 facto
1630 3363 1841 3422 morte
1873 3364 2399 3440 praeoccupatus
2431 3360 2655 3443 fuerit,
2687 3369 2957 3433 extunc

542 3458 629 3523 ad
677 3457 1213 3539 propinquiorem
1259 3478 1526 3525 suorum
1573 3461 2229 3545 consanguineorum,
2288 3463 2664 3545 quicunque
2709 3466 2955 3554 fuerit,

543 3558 690 3642 ipsa
735 3565 920 3626 terra
979 3562 1265 3627 Ratibor
1321 3564 1412 3628 sit
1465 3564 1718 3644 absque
1781 3564 2179 3633 difficultate
2240 3568 2541 3647 qualibet
2602 3571 2953 3657 devoluta,

533 3662 687 3745 Jure
755 3664 942 3732 nobis
1011 3666 1378 3749 recipiendi
1447 3674 1693 3735 terram
1763 3670 1977 3752 ipsam
2044 3690 2085 3735 a
2152 3671 2361 3757 nobiS,
2436 3674 2799 3742 heredibus
2872 3686 2955 3745 et

543 3770 1038 3837 successoribus
1103 3773 1368 3854 nostriS,
1433 3774 1702 3858 regibus
1751 3776 1823 3841 B.
1888 3775 2360 3859 praeliteratiS,
2415 3780 2483 3844 et
2528 3778 2826 3846 habendi
2876 3782 2951 3849 in

545 3872 828 3957 feodum,
875 3879 950 3939 ut
995 3875 1470 3961 praemittitur,
1523 3882 1893 3947 reservato.

749 3976 830 4043 In
877 3977 1064 4060 cujus
1116 3978 1216 4045 rei
1263 4030 1276 4045 .
1325 4030 1338 4045 .

751 4133 997 4201 Datum
1043 4134 1386 4217 Oppaviae
1433 4154 1490 4205 a.
1537 4138 1618 4205 D.
1670 4144 1853 4223 1327,
1899 4140 2019 4207 XI.
2066 4140 2207 4207 Kal.
2256 4140 2507 4209 Martii.

753 4286 972 4378 (Ao-ch.
1016 4289 1082 4361 S.
1137 4292 1340 4361 Wenc.
1383 4332 1470 4343 -
1521 4292 1910 4381 Θνὶιηήαφιπ
1942 4296 2027 4363 1[.
2063 4298 2211 4365 379.
2242 4334 2329 4347 -
2360 4297 2523 4366 Eml.
2558 4298 2683 4368 III.
2714 4303 2943 4393 1281.)
