3288 4973
1528 346 1877 412 -22-

503 560 668 639 ipsis
727 558 794 624 in
857 569 1248 639 perpetuum
1295 556 1402 621 vel
1469 558 1554 621 ad
1621 567 1889 638 tempus
1954 558 2275 639 dabimus,
2334 574 2457 622 uec
2518 574 2635 620 eos
2704 556 2887 619 here-

497 664 716 729 ditare
763 662 832 728 in
878 680 1086 743 regno
1128 660 1440 727 Boemiae
1471 660 1855 741 aliqualiter
1884 662 2347 734 admittamus;
2392 663 2511 727 sed
2546 659 2887 743 praedicta

499 768 722 833 omnia
765 766 834 833 in
881 766 1164 831 Boemos
1209 766 1316 831 vel
1363 765 1434 831 iu
1479 766 1791 831 Moravos
1838 772 2099 831 tantum
2146 785 2269 847 per
2310 786 2431 831 nos
2478 766 2575 831 ita
2628 763 2889 845 dispeu—

501 872 642 937 sari
667 872 914 937 debere
943 872 1378 951 decrevimuS,
1409 872 1582 951 quod
1617 871 1801 953 (nect
1834 870 2029 936 nobis
2060 870 2261 936 licem
2292 872 2473 936 aliud
2496 868 2889 952 judicamus.

707 974 894 1041 VIIL
943 975 1034 1041 Et
1079 992 1164 1041 ne
1209 977 1534 1056 subrepat
1599 976 1753 1057 alia,
1822 976 1995 1054 quod
2058 994 2191 1041 una
2260 976 2374 1041 via
2440 977 2565 1040 sub
2630 973 2895 1040 sincera

501 1078 950 1147 sollicitudine
1041 1078 1448 1161 prohibetur,
1537 1080 1663 1145 hoc
1739 1080 2131 1160 praedictae
2218 1091 2491 1146 nostrae
2556 1078 2693 1161 legi
2750 1095 2893 1143 cum

505 1182 766 1263 aequali
835 1184 1332 1250 observationis
1397 1183 1807 1250 necessitate
1884 1184 2325 1267 adjungimus,
2403 1184 2579 1264 quod
2650 1181 2895 1248 nullum

509 1287 952 1369 alienigenam
999 1289 1107 1352 vel
1155 1294 1544 1355 extraneum
1583 1288 1653 1353 in
1684 1288 1961 1353 Boemia
1992 1288 2101 1354 vel
2132 1288 2437 1355 Moravia
2466 1286 2899 1357 hereditates,

509 1400 756 1473 castra,
821 1392 1298 1473 possessiones,
1365 1394 1540 1458 bona
1597 1392 1957 1457 immobilia
2019 1393 2125 1458 vel
2176 1391 2333 1475 jura
2396 1393 2620 1472 aliqua
2681 1407 2899 1456 emere

509 1495 617 1561 vel
663 1502 886 1576 empta
931 1496 1224 1561 retinere
1285 1496 1671 1575 aliqualiter
1732 1496 2193 1577 admittemus3
2256 1499 2377 1562 sed
2434 1497 2493 1563 si
2552 1494 2756 1561 alicui
2814 1494 2896 1561 de

501 1600 749 1665 talibus
797 1602 969 1665 bona
1013 1600 1388 1683 hujusmodi
1434 1604 1685 1668 donata
1732 1601 1839 1667 vel
1886 1601 2113 1683 legata
2178 1602 2287 1666 vel
2334 1602 2506 1667 forte
2552 1600 2621 1665 in
2672 1601 2895 1666 dotem

507 1703 812 1769 dominae
873 1704 1156 1789 alicujus
1219 1707 1302 1772 de
1369 1707 1636 1772 Boemia
1698 1707 1807 1773 vel
1868 1705 2171 1773 Mol-avia
2224 1705 2475 1773 fuerint
2534 1704 2899 1787 assignata,

509 1808 615 1874 vel
671 1826 1062 1888 quocunque
1124 1808 1256 1876 alio
1317 1810 1515 1877 titulo
1579 1810 2013 1891 pervenerint
2066 1812 2153 1875 ad
2214 1811 2515 1889 eundem,
2560 1828 2641 1875 ea
2686 1827 2728 1873 a
2772 1806 2897 1889 die,

510 1929 642 1991 qua
673 1913 759 1977 ad
791 1931 936 1978 eum
969 1914 1416 1997 pervenerint,
1449 1915 1630 1980 intra
1660 1932 1901 1979 annum
1948 1914 2239 1981 vendere
2271 1914 2477 1979 alicui
2508 1912 2891 1995 terrigenae

509 2022 854 2099 teneatur;
901 2019 1074 2097 quod
1119 2020 1178 2085 si
1225 2037 1354 2084 non
1413 2018 1673 2101 fecerit,
1740 2018 1959 2083 omnia
2021 2018 2387 2099 praedicta,
2453 2035 2627 2097 quae
2672 2016 2894 2082 fuerat

511 2132 880 2204 assecutuS,
927 2126 1086 2187 tunc
1129 2123 1214 2188 ad
1263 2122 1697 2203 proximiores
1746 2120 1955 2203 ipsius
2014 2120 2319 2187 dominae
2366 2120 2896 2205 consanguineos
2986 2134 2993 2141 ·

515 2226 744 2291 statim
791 2232 942 2307 post
987 2226 1198 2308 ipsius
1243 2229 1398 2293 anni
1448 2227 1803 2293 terminum
1852 2226 2313 2293 devolvantur.

719 2328 812 2395 Et
879 2330 1037 2410 quia
1105 2330 1324 2397 omnia
1384 2338 1454 2397 et
1515 2331 1779 2413 singula
1848 2331 2235 2411 supradicta
2310 2330 2671 2415 terrigenis
2736 2329 2899 2410 ipsis

503 2432 690 2500 firma
734 2452 994 2517 semper
1055 2436 1354 2503 volumus
1411 2442 1482 2502 et
1527 2434 1792 2502 illibata
1852 2453 2147 2518 servare,
2217 2436 2678 2517 promittimus
2726 2434 2897 2514 quod

507 2555 650 2602 cum
711 2539 982 2605 favente
1059 2539 1336 2606 Domino
1399 2541 1470 2607 in
1531 2559 1755 2625 regem
1822 2541 2131 2608 Boemiae
2191 2540 2513 2608 fuerimus
2580 2539 2901 2620 coronati,

507 2641 744 2708 literas
789 2644 1168 2725 praesentis
1217 2645 1469 2712 tenoris
1519 2663 1667 2712 cum
1714 2643 2071 2728 majoribus
2120 2645 2361 2727 sigillis
2408 2645 2659 2710 nostris
2706 2663 2893 2728 rega-

515 2745 704 2829 libus,
775 2747 1009 2826 quibus
1077 2753 1238 2815 tunc
1303 2759 1586 2830 utemur,
1644 2750 1979 2833 sigillatas
2026 2749 2405 2831 triplicatas
2447 2748 2577 2830 ipsi
2642 2747 2899 2815 domino

509 2850 818 2932 episcopo
863 2849 1193 2936 Pragensi
1239 2859 1310 2918 et
1369 2854 1731 2936 terrigenis
1776 2855 1957 2919 intra
2024 2855 2186 2919 duas
2248 2855 2657 2935 septimanas
2704 2874 2745 2919 a
2790 2853 2896 2918 die

509 2955 955 3022 coronationis
1001 2963 1273 3022 nostrae
1321 2959 1484 3024 dare
1531 2957 1910 3024 nullatenus
1957 2958 2378 3026 obmittemus
2423 3012 2439 3028 .
2486 3010 2501 3026 .
2546 3010 2561 3025 .

713 3083 1048 3172 (Palacky',
1127 3085 1610 3152 Formelbzzcher
1680 3087 1728 3154 Ι.
1798 3088 1928 3150 129
1992 3125 2081 3136 -
2146 3085 2363 3152 Codex
2416 3093 2553 3175 jur.
2618 3087 2755 3155 boh.
2820 3087 2898 3153 [Ι.

505 3190 562 3255 2.
605 3213 674 3273 p.
722 3191 866 3257 192.
909 3229 997 3240 —-
1044 3189 1269 3274 Chytil
1325 3191 1426 3258 VI.
1473 3193 1578 3258 18.
1627 3230 1714 3240 —-
1759 3191 1921 3258 Eml.
1969 3193 2054 3259 II.
2100 3193 2315 3278 2245.)

705 3346 968 3416 Joannes‚
1040 3346 1293 3402 Heinrici
1371 3347 1496 3402 VII.
1578 3348 1950 3403 Romanorum
2024 3348 2175 3417 regis
2250 3349 2397 3404 filius
2476 3347 2897 3418 primogenitus,

499 3435 582 3486 31.
623 3433 865 3502 Augusti
909 3437 1042 3490 1310
1093 3435 1162 3488 ad
1213 3435 1544 3502 petitionem
1597 3437 1925 3488 Boemorum
1979 3435 2039 3489 in
2090 3436 2320 3490 solemni
2376 3442 2654 3490 conventu
2702 3435 2897 3503 Spirae

503 3535 537 3572 a
573 3525 737 3586 patre
777 3520 994 3588 recepit
1033 3536 1262 3590 regnum
1303 3522 1577 3576 Boemiae.
1652 3522 1975 3588 Eodemque
2026 3522 2116 3576 die
2154 3522 2473 3577 celebratae
2511 3529 2643 3576 sunt
2668 3522 2897 3590 nuptiae

504 3607 630 3660 novi
687 3607 840 3676 regis
893 3623 1016 3661 cum
1065 3608 1414 3678 Elisabetha,
1463 3608 1580 3662 filia
1640 3609 1963 3664 wenceslai
2022 3610 2095 3662 ΙΙ.
2160 3610 2419 3664 Boemiae
2480 3609 2649 3679 regis.
2706 3611 2896 3664 Mense

505 3692 812 3764 Decembri,
851 3693 942 3748 die
979 3698 1046 3762 9.,
1085 3695 1362 3750 Henricus
1401 3696 1442 3750 Ι.
1483 3709 1582 3749 rex
1619 3695 1897 3764 Boemiae,
1943 3695 2199 3751 devictus
2236 3711 2266 3750 e
2304 3703 2489 3750 castro
2532 3695 2803 3764 Pragensi
2840 3697 2895 3748 iu

502 3779 794 3834 Bavariam
834 3780 1044 3848 evasit;
1083 3781 1174 3835 die
1212 3789 1400 3837 autem
1437 3785 1519 3835 25.
1561 3783 1809 3850 eJusdem
1848 3783 2051 3838 mensis
2089 3783 2303 3837 incolae
2341 3791 2527 3837 terrae
2564 3783 2893 3836 fidelitatem

491 3865 756 3932 jnrarunt
818 3867 938 3935 regi
1001 3867 1222 3937 Joanui,
1290 3885 1396 3936 quo
1452 3869 1542 3924 die
1601 3870 1889 3936 publicata
1948 3878 2039 3926 est
2104 3872 2389 3940 promissio
2449 3870 2776 3926 libertatum
2840 3879 2896 3923 et

492 3953 702 4019 jurium
742 3953 901 4021 regui
941 3953 1204 4010 Boemiae
1241 3973 1275 4010 a
1311 3973 1452 4011 novo
1490 3973 1626 4026 rege
1665 3958 1813 4012 data.

709 4065 832 4132 „Sic
877 4064 1055 4132 prima
1113 4075 1172 4122 et
1211 4068 1440 4136 capitali
1494 4070 1655 4138 regni
1710 4050 1969 4124 Boemiae
2028 4069 2261 4124 civitate
2318 4069 2593 4138 Pragensi
2654 4069 2891 4137 primum

495 4167 627 4218 prae
667 4150 916 4206 omnibus
955 4153 1079 4207 aliis
1123 4153 1452 4210 civitatibus
1492 4165 1552 4211 et
1591 4156 1795 4211 castris
1832 4155 2029 4211 habita
2068 4157 2124 4210 in
2161 4172 2335 4225 regno
2374 4157 2651 4224 Boemiae,
2700 4171 2891 4210 omnes

490 4237 637 4292 aliae
679 4239 942 4292 civitates
982 4245 1041 4292 et
1077 4245 1266 4294 castra
1307 4243 1464 4310 regui
1504 4259 1564 4297 se
1603 4241 1725 4310 regi
1762 4243 2004 4298 Johanui
2046 4249 2104 4296 et
2142 4243 2373 4310 reginae
2432 4243 2723 4298 Elisabeth
2779 4258 2877 4296 uu-

495 4324 704 4380 animes
731 4325 1100 4380 subdiderunt
1143 4327 1392 4384 Tandem
1415 4337 1542 4396 post
1567 4329 1707 4384 haec
1728 4330 1783 4384 11
1822 4331 2007 4385 Nonas
2029 4332 2120 4402 (7.)
2141 4330 2453 4400 Februarii,
2474 4329 2887 4400 requirentibus
