3288 4973
1354 390 1747 454 —167—

560 596 639 663 In
688 596 883 661 huius
930 600 1056 669 etc.

556 734 797 801 Actum
844 740 915 803 et
958 734 1187 801 datum
1232 734 1633 819 Poznaniae,
1678 735 1788 804 die
1832 735 1896 803 S.
1944 735 2254 819 Gregorii
2298 754 2514 821 papae
2559 756 2620 805 a.
2651 737 2741 803 D.

345 846 541 921 1337,
594 838 963 907 indictione
1006 836 1085 907 v.

563 978 774 1067 (Os-iq.
820 976 999 1046 arch.
1042 975 1174 1047 aul.
1230 975 1489 1047 vindob.
1534 1014 1621 1029 —
1665 976 1916 1047 Kodokc
1965 978 2131 1066 dipl.
2186 978 2611 1067 Wielopolnln'
2651 980 2742 1063 ΙΙ,

336 1122 425 1133 -
474 1081 719 1171 Doqiel
766 1080 915 1151 cod.
956 1082 1095 1151 Poe.
1140 1119 1226 1135 -
1276 1080 1434 1153 Eme.
1480 1082 1594 1151 IV.
1634 1082 1812 1172 397.)

554 1312 703 1381 149.
733 1310 1031 1383 Foedus
1077 1310 1415 1383 militare
1459 1309 1768 1382 ottonis
1812 1314 1891 1382 et
1919 1308 2232 1383 Bai-nim
2264 1310 2537 1382 ducum
2568 1328 2739 1383 cum

336 1416 651 1489 Joanne
692 1434 905 1505 Μεθ’
1238 1505 1433 1591 1337,
1479 1505 1587 1575 12.
1634 1500 1855 1573 Mart.

558 1645 623 1697 A.
666 1646 817 1713 1337,
856 1646 936 1699 12.
978 1643 1140 1699 Mart.
1194 1644 1331 1700 Otto
1380 1643 1495 1699 dux
1544 1643 1920 1715 Stetynensis,
1977 1642 2356 1713 Pomoreniae,
2406 1643 2626 1701 Sleviae
2677 1648 2738 1699 et

334 1728 671 1797 Cassubiae,
708 1730 939 1799 eiusque
976 1728 1127 1785 filius
1163 1730 1509 1800 unigenitus,
1554 1728 1776 1785 nomine
1829 1728 2070 1799 Barnim,
2115 1728 2494 1797 promiserunt
2527 1728 2742 1785 litteris

332 1816 667 1874 Pomaniee
704 1815 853 1871 datis
888 1816 1093 1872 Joanni
1130 1816 1255 1887 regi
1291 1816 1353 1870 B.
1392 1824 1643 1885 tempore
1681 1822 1742 1871 et
1776 1817 1897 1872 loco
1933 1814 2006 1871 ad
2043 1814 2164 1884 ejtis
2199 1816 2627 1887 requisitionem
2682 1814 2742 1871 in

336 1902 657 1961 subsidium
697 1908 756 1959 ct
792 1903 1059 1975 Juvamen
1103 1904 1175 1960 ad
1219 1910 1405 1959 terras
1458 1918 1591 1959 suas
1638 1903 1789 1959 viros
1840 1909 2062 1959 centum
2109 1902 2369 1973 galeatos
2425 1903 2738 1973 destinat-<¹23

338 1992 552 2061 quibus
566 1991 627 2045 in
652 1991 911 2059 expensis
936 2006 1035 2047 rex
1061 1990 1355 2060 providere
1383 1991 1758 2062 obligabatur,
1784 1990 1986 2047 <lamna
2008 2004 2212 2061 eorum,
2239 2004 2381 2061 quae
2405 1989 2741 2060 receperint,

337 2080 483 2136 duce
528 2078 847 2135 sufferente.
904 2078 1088 2134 Tener
1141 2078 1337 2133 harum
1390 2079 1709 2135 litterarum
1765 2077 1910 2135 idem
1963 2084 2054 2136 est
2101 2084 2170 2134 ut
2223 2076 2282 2134 in
2333 2076 2560 2133 foedere
2615 2092 2738 2133 cum

337 2166 767 2235 archiepiscopo
804 2163 1279 2237 magdeburgensi
1318 2182 1353 2221 a.
1408 2168 1545 2221 1336
1579 2164 1722 2221 inito
1761 2167 1904 2234 (vide
1937 2186 1989 2221 n.
2031 2170 2174 2229 125.)

564 2288 791 2374 (Arch.
838 2288 969 2356 aul.
1023 2284 1163 2357 Vid.
1209 2326 1294 2338 —-
1340 2286 1503 2355 Emi.
1548 2288 1660 2357 IV.
1707 2290 1876 2371 396.)

559 2517 713 2585 150.
780 2513 832 2587 J
835 2535 1119 2587 oannes
1188 2515 1343 2587 dux
1417 2515 1812 2588 Stinaviae
1872 2514 2140 2587 vendit
2205 2514 2598 2586 civitatem
2665 2519 2745 2586 et

335 2623 685 2692 castrum
746 2619 903 2692 Gor
959 2619 1011 2692 J
1011 2621 1241 2692 oanni
1304 2620 1479 2710 regi
1538 2624 1618 2691 et
1683 2620 1780 2692 ab
1848 2619 2108 2692 eodem
2172 2637 2360 2708 rege
2419 2618 2735 2690 eandem

336 2725 743 2796 civitatem
786 2727 865 2797 et
908 2727 1244 2796 castrum
1295 2743 1448 2798 una
1505 2743 1674 2798 cum
1733 2723 2051 2798 civitate
2109 2723 2596 2796 Frowenstat
2655 2724 2738 2797 111

342 2829 663 2902 feudum
709 2830 1058 2920 suscipit.

1241 2919 1435 3005 1337,
1494 2921 1603 2989 27.
1651 2917 1870 2989 Mart.

555 3056 637 3112 Κ.
689 3056 815 3112 List
872 3057 1135 3113 kniezete
1186 3057 1334 3112 Janc
1386 3057 1695 3127 slezskeho,
1749 3059 1816 3112 ze
1861 3056 2007 3111 zemi
2061 3057 2164 3112 evii
2221 3057 2333 3113 Gor
2392 3073 2419 3112 3
2474 3059 2745 3128 3601110111,

340 3146 585 3199 mentem
624 3159 659 3200 a
694 3159 753 3198 se
792 3145 937 3200 vsim
970 3144 1425 3214 piislusenstvim
1460 3145 1708 3214 prodens.
1743 3159 1778 3200 a.
1811 3144 2006 3213 prodal
2043 3144 2188 3201 krfili
2224 3145 2261 3200 J
2263 3144 2426 3201 anovi
2463 3146 2738 3214 6031161011,

342 3230 603 3286 dedicom
638 3246 673 3287 a
709 3230 969 3287 baducim
1019 3247 1089 3288 za
1138 3231 1271 3286 tisic
1322 3231 1521 3288 lii-iven
1574 3233 1834 3303 grosuov,
1873 3247 1908 3286 a
1943 3235 2011 3287 ze
2071 3233 2196 3288 kral
2247 3231 2286 3289 J
2288 3247 2360 3288 un
2397 3250 2429 3288 z
2465 3232 2742 3290 zvlsstnie

338 3319 559 3374 milosti
612 3318 703 3374 (10.1
758 3321 971 3390 1111111011,
1026 3321 1219 3390 mesto,
1268 3319 1494 3390 krajinu
1542 3324 1607 3376 tu
1656 3335 1682 3372 3
1730 3320 1962 3374 mestem
2011 3319 2354 3376 Frauenstot
2393 3320 2550 3389 J’cmu
2600 3334 2730 3376 zase

342 3407 381 3462 k
418 3407 655 3462 uiivssni
691 3407 759 3462 do
796 3406 966 3462 sveho
1003 3407 1192 3463 zivota
1230 3410 1382 3464 1337.

561 3531 643 3597 In
689 3529 951 3598 nomine
997 3532 1261 3599 Domini
1294 3531 1522 3600 Amen.
1558 3531 1696 3599 Nos
1727 3531 1774 3599 J
1777 3549 2025 3599 oannes
2057 3530 2138 3597 D.
2171 3549 2264 3614 gr.
2297 3533 2432 3599 dux
2461 3530 2745 3608 zlesiae,

345 3636 650 3703 dominus
698 3635 1085 3721 Stynaviae,
1130 3638 1217 3702 ad
1260 3637 1721 3704 universorum
1767 3636 2070 3704 notitiam
2117 3641 2255 3702 tam
2286 3637 2744 3719 praesentium

345 3759 545 3822 quam
592 3739 967 3807 futurorum
1012 3741 1313 3808 volumus
1362 3741 1625 3825 publice
1672 3741 2044 3824 pervenire,
2091 3741 2265 3822 quod
2306 3758 2429 3808 nos
2468 3742 2643 3808 bona
2673 3746 2744 3808 et

352 3851 591 3913 nostra
634 3843 849 3912 libera
894 3845 1264 3930 voluntate,
1310 3845 1457 3913 sani
1484 3851 1708 3913 mente
1755 3852 1825 3913 et
1870 3863 2165 3930 corpore,
2209 3850 2470 3912 maturo
2517 3849 2589 3911 et
2635 3845 2744 3912 de·

348 3950 638 4017 liberato
684 3955 915 4016 nostro
961 3955 1471 4032 nostrorumque
1523 3952 1802 4035 praevio
1861 3950 2386 4018 consiliariorum
2451 3949 2744 4036 001131110,

345 4059 590 4138 sponte
635 4057 707 4120 et
751 4053 980 4138 libere,
1024 4074 1157 4122 11011
1206 4055 1549 4141 compulsi,
1595 4074 1730 4124 non
1775 4056 2009 4141 coacti,
2067 4073 2192 4123 1100
2239 4054 2464 4136 aliqua
2524 4054 2742 4137 pravi-

346 4159 517 4226 tatis
562 4158 993 4240 suggestione
1038 4158 1267 4244 illecti,
1314 4165 1565 4228 terram
1611 4165 1908 4229 nostram
1955 4159 2200 4229 Goram
2256 4177 2401 4228 011111
2463 4158 2743 4229 civitate

348 4271 421 4331 et
467 4269 690 4330 castro
744 4261 941 4346 Gora,
1002 4264 1345 4332 territorio
1414 4271 1487 4332 et
1554 4266 1855 4333 omnibus
1924 4270 1995 4333 et
2060 4264 2337 4350 singulis
2404 4263 2741 4350 limitibus»,

352 4368 657 4452 dominio,
700 4368 973 4453 honore,
1010 4369 1497 4455 jurisdictione,
1546 4371 1800 4455 bayllia
1856 4371 2022 4437 meri
2086 4374 2156 4437 et
2214 4369 2408 4438 mixti
2466 4369 2744 4454 imperii,
