3288 4973
1433 353 1778 414 -11—

611 553 994 622 Friderieus
1038 557 1366 621 secundus
1401 555 1629 624 divina
1660 557 1933 623 favente
1966 558 2317 624 elementia
2348 559 2788 626 Romanorum

390 676 515 722 rex
567 676 831 740 semper
876 665 1204 744 augustus
1252 663 1378 726 eto.
2652 687 2655 690 ’

606 833 784 897 Aeta
851 838 1010 899 sunt
1073 835 1240 900 haee
1283 854 1339 901 a.
1387 833 1466 900 D.
1535 835 2019 903 incarnationis
2086 835 2446 903 MCOXVI.
2511 837 2790 918 septimo

388 935 546 1001 Kal.
595 935 890 1018 Augusti
937 935 1052 1022 (=
1105 942 1289 1021 1216,
1335 944 1437 1004 26.
1487 938 1697 1018 Julii).
1744 939 1991 1006 Datum
2039 941 2215 1022 apud
2262 939 2535 1007 Ulmam.

609 1081 794 1168 (Vid.
845 1083 1062 1149 Codex
1086 1086 1269 1169 juris
1320 1083 1654 1149 themici
1699 1086 1747 1152 l.
1793 1089 1929 1172 27.)

608 1275 854 1340 Datum
930 1275 1194 1360 Pragae
1267 1275 1365 1342 X⁰
1437 1277 1568 1342 kal.
1646 1276 1812 1342 Nov.
1885 1277 2026 1343 Ind.
2104 1278 2198 1360 V.,
2274 1296 2445 1344 auno
2520 1278 2787 1344 Domini

385 1378 782 1445 MCCCVP.

611 1568 823 1654 (Oq-2⁹9.
873 1569 1049 1637 arch.
1095 1591 1145 1637 c.
1178 1593 1234 1637 r.
1283 1569 1414 1636 aul.
1483 1569 2003 1638 Vindobonensie.
2040 1609 2119 1620 —
2176 1569 2385 1634 Emler
2429 1571 2510 1634 ΙΙ
2527 1622 2543 1652 ,
2576 1571 2792 1657 2112.)

615 1759 685 1829 2.
753 1759 1230 1834 Confirmatio
1293 1760 1868 1849 privilegiorum
1945 1764 2270 1850 quatuor
2351 1760 2790 1832 civitatibus

379 1864 656 1934 terrae
701 1864 1164 1950 opaviensis

1151 1997 1382 2085 1306,
1435 1997 1553 2068 18.
1603 1995 2053 2068 Decembris,

609 2135 691 2202 In
735 2138 998 2204 nomine
1041 2137 1324 2206 Domini.
1371 2141 1598 2204 Amen.
1692 2137 2019 2205 Noverint
2064 2138 2361 2205 universi
2392 2142 2787 2219 praesentes

377 2249 454 2309 et
503 2241 790 2324 posteri,
852 2245 1026 2322 quod
1087 2261 1206 2310 nos
1269 2244 1584 2310 Nicolaus
1647 2243 1726 2308 D.
1773 2261 1868 2326 gr.
1916 2245 2065 2326 dux,
2122 2241 2423 2310 dominus
2472 2246 2542 2308 et
2584 2261 2786 2309 verus

375 2349 597 2414 heres
660 2352 886 2413 terrae
933 2347 1250 2429 Opaviae,
1297 2347 1560 2414 dilectis
1607 2346 1931 2430 fidelibuS,
1997 2347 2276 2431 singulis
2324 2351 2395 2413 et
2440 2346 2791 2423 universis,

375 2457 685 2535 quatuor
747 2451 1094 2519 civitatum
1149 2457 1531 2519 nostrarum
1589 2452 1909 2537 Opaviae,
1977 2452 2299 2537 Lobsyer„
2359 2451 2407 2518 J
2412 2451 2787 2537 egerdorph

377 2566 452 2625 et
502 2556 935 2625 Vrowdintal
981 2557 1258 2642 civibus,
1303 2558 1600 2623 savorem
1648 2557 1912 2641 gratiae
1959 2564 2230 2623 nostrae
2279 2554 2673 2624 contulimus
2722 2561 2792 2623 et

379 2662 765 2731 secundum
813 2660 1320 2728 benevolentiae
1367 2668 1636 2727 nostrae
1684 2661 2003 2747 gremium
2034 2660 2413 2727 voluntarie
2447 2665 2516 2727 et
2546 2660 2787 2728 libera-

375 2768 552 2833 liter
630 2770 944 2832 universa
1011 2766 1364 2849 aperimus,
1439 2766 1510 2831 in
1557 2784 1633 2832 eo
1680 2765 1831 2849 vid.,
1894 2767 2067 2845 quod
2129 2782 2355 2831 eorum
2408 2764 2786 2850 privilegia,

371 2870 679 2957 gratiae,
752 2870 1144 2937 donationes
1219 2876 1289 2935 et
1350 2872 1502 2953 jura
1577 2890 1699 2953 per
1772 2873 2035 2937 eosdem
2107 2870 2288 2937 cives
2351 2870 2618 2937 habitas
2680 2872 2791 2937 vel

373 2974 637 3043 habita
705 2980 860 3040 ante
927 2978 1202 3058 tempus,
1279 2994 1404 3056 quo
1469 2994 1540 3041 se
1602 2980 1832 3041 nostro
1879 2974 2161 3041 dominio
2209 2974 2421 3040 denuo
2469 2973 2789 3039 conmise-

373 3084 570 3161 runt‚
647 3088 875 3161 gratas
941 3084 1012 3145 et
1071 3084 1288 3163 grata,
1361 3080 1782 3145 inviolabiles
1855 3084 1925 3145 et
2000 3078 2327 3144 inviolata
2386 3068 2787 3145 conservare

373 3182 694 3250 fideliter
753 3182 1196 3263 promittimus
1263 3190 1334 3249 et
1381 3183 1757 3265 praesentis
1804 3183 2038 3264 scripti
2086 3182 2459 3264 patrocinio
2506 3202 2785 3249 commu-

371 3289 635 3355 nimus.
721 3285 812 3352 Et
859 3291 936 3353 ut
982 3286 1471 3369 praedictorum
1531 3287 1775 3355 civium
1820 3292 2195 3353 nostrorum
2242 3285 2457 3351 fidelis
2503 3287 2792 3376 devot10‚

375 3412 522 3475 qna
593 3410 666 3456 se
730 3396 958 3457 nostro
1007 3391 1291 3458 dominio
1340 3392 1807 3475 conmiserunt‚
1853 3391 2129 3458 aliarum
2176 3395 2507 3457 terrarum
2553 3391 2789 3457 ineolis

373 3500 470 3564 ad
522 3502 832 3562 nostram
900 3494 1222 3563 dicionem
1289 3497 1678 3563 transeundi
1746 3497 2043 3578 patulum
2102 3496 2193 3561 sit
2238 3496 2621 3577 exemplum,
2667 3514 2787 3561 nos

372 3604 466 3670 de
519 3600 857 3683 singulari
901 3602 1126 3687 gratia
1173 3606 1242 3667 et
1288 3601 1702 3685 benignitate
1736 3602 1833 3668 eis
1858 3619 1974 3667 eas
2020 3600 2276 3685 gratias
2326 3605 2396 3665 et
2433 3617 2789 3683 praeroga-

376 3706 606 3789 tivas,
665 3722 784 3787 per
844 3723 964 3771 nos
1013 3708 1097 3773 de
1143 3725 1312 3772 novo
1365 3707 1665 3789 collataS,
1714 3707 2203 3787 confirmantes,
2250 3710 2481 3770 tenere
2528 3703 2789 3770 eunetis

373 3808 812 3892 temporibus
859 3810 1301 3891 promittimus
1349 3810 1663 3893 illibataS,
1709 3810 1839 3878 vid.
1887 3815 1959 3875 ut
2007 3808 2169 3875 nulli
2201 3808 2441 3877 civium
2488 3808 2789 3890 praedie-

374 3924 628 3981 tarum
723 3918 1007 3993 quatuor
1093 3914 1436 3982 civitatum
1524 3914 1858 3996 quidpiam
1926 3913 2228 3999 injuriae,
2323 3912 2791 3995 oppressionis

373 4016 772 4087 violentiae
816 4023 936 4082 aut
981 4018 1400 4099 captivitatis
1447 4018 1587 4085 sine
1628 4018 1783 4101 jure
1840 4024 1911 4085 et
1957 4020 2206 4099 absque
2244 4017 2495 4101 judicio
2541 4016 2787 4081 inferre

369 4129 507 4192 ant
557 4119 869 4203 infligere
924 4122 1279 4188 debeamus
1326 4140 1450 4189 neo
1494 4123 1743 4191 inferre
1802 4122 2017 4189 nostri
2081 4121 2363 4186 heredes
2410 4124 2479 4185 et
2526 4137 2784 4186 sucees-

369 4246 587 4297 sores
666 4226 953 4291 debeant
1011 4225 1080 4291 in
1136 4226 1450 4312 futurum,
1518 4230 1634 4294 sed
1704 4226 1763 4292 si
1809 4225 1963 4306 quid
2034 4223 2503 4307 querimoniae,
2551 4224 2785 4304 eulpae

369 4334 492 4409 vel
548 4346 811 4398 causae
856 4329 1030 4397 inter
1075 4332 1414 4419 praefatos
1461 4336 1740 4416 quatuor
1773 4330 2119 4401 civitatum
2182 4329 2368 4397 cives
2422 4326 2789 4409 emerserit,
