<?xml version="1.0" encoding="UTF-8"?>
<!DOCTYPE html PUBLIC "-//W3C//DTD XHTML 1.0 Transitional//EN"
    "http://www.w3.org/TR/xhtml1/DTD/xhtml1-transitional.dtd">
<html xmlns="http://www.w3.org/1999/xhtml" xml:lang="en" lang="en">
 <head>
  <title>
</title>
<meta http-equiv="Content-Type" content="text/html;charset=utf-8" />
  <meta name='ocr-system' content='tesseract 3.04.00' />
  <meta name='ocr-capabilities' content='ocr_page ocr_carea ocr_par ocr_line ocrx_word'/>
</head>
<body>
  <div class='ocr_page' id='page_1' title='image "./codexjurisbohem00bohegoog_0235.png"; bbox 0 0 3288 4973; ppageno 0'>
   <div class='ocr_carea' id='block_1_1' title="bbox 1319 361 1709 434">
    <p class='ocr_par' dir='ltr' id='par_1_1' title="bbox 1319 361 1709 434">
     <span class='ocr_line' id='line_1_1' title="bbox 1319 361 1709 434; baseline 0 0"><span class='ocrx_word' id='word_1_1' title='bbox 1319 361 1709 434; x_wconf 61' lang='lat'>-221-</span> 
     </span>
    </p>
   </div>
   <div class='ocr_carea' id='block_1_2' title="bbox 331 565 2714 870">
    <p class='ocr_par' dir='ltr' id='par_1_2' title="bbox 331 565 2714 870">
     <span class='ocr_line' id='line_1_2' title="bbox 527 565 2714 664; baseline -0.001 -21"><span class='ocrx_word' id='word_1_2' title='bbox 527 568 680 644; x_wconf 82' lang='lat'><strong>212.</strong></span> <span class='ocrx_word' id='word_1_3' title='bbox 727 565 780 644; x_wconf 85' lang='lat' dir='ltr'><strong>J</strong></span> <span class='ocrx_word' id='word_1_4' title='bbox 782 566 1054 644; x_wconf 80' lang='lat' dir='ltr'><strong>oannis</strong></span> <span class='ocrx_word' id='word_1_5' title='bbox 1101 569 1318 646; x_wconf 82' lang='lat' dir='ltr'><strong>ducis</strong></span> <span class='ocrx_word' id='word_1_6' title='bbox 1367 573 1761 646; x_wconf 79' lang='lat' dir='ltr'><strong>Stinaviae</strong></span> <span class='ocrx_word' id='word_1_7' title='bbox 1808 567 2185 664; x_wconf 79' lang='lat' dir='ltr'><strong>obligatio</strong></span> <span class='ocrx_word' id='word_1_8' title='bbox 2244 565 2590 645; x_wconf 80' lang='lat' dir='ltr'><strong>civitatis</strong></span> <span class='ocrx_word' id='word_1_9' title='bbox 2636 575 2714 642; x_wconf 89' lang='lat' dir='ltr'><strong>et</strong></span> 
     </span>
     <span class='ocr_line' id='line_1_3' title="bbox 331 677 2708 767; baseline 0 -22"><span class='ocrx_word' id='word_1_10' title='bbox 331 678 560 747; x_wconf 76' lang='lat' dir='ltr'><strong>castri</strong></span> <span class='ocrx_word' id='word_1_11' title='bbox 606 679 762 748; x_wconf 84' lang='lat' dir='ltr'><strong>Gor</strong></span> <span class='ocrx_word' id='word_1_12' title='bbox 806 699 973 749; x_wconf 87' lang='lat' dir='ltr'><strong>cum</strong></span> <span class='ocrx_word' id='word_1_13' title='bbox 1023 679 1508 766; x_wconf 86' lang='lat' dir='ltr'><strong>pertinentiis</strong></span> <span class='ocrx_word' id='word_1_14' title='bbox 1542 680 1614 749; x_wconf 78' lang='lat' dir='ltr'><strong>d.</strong></span> <span class='ocrx_word' id='word_1_15' title='bbox 1650 677 2068 750; x_wconf 85' lang='lat' dir='ltr'><strong>Bertholdo</strong></span> <span class='ocrx_word' id='word_1_16' title='bbox 2101 679 2195 748; x_wconf 79' lang='lat' dir='ltr'><strong>(le</strong></span> <span class='ocrx_word' id='word_1_17' title='bbox 2228 677 2463 767; x_wconf 80' lang='lat' dir='ltr'><strong>Lypa,</strong></span> <span class='ocrx_word' id='word_1_18' title='bbox 2497 697 2708 764; x_wconf 78' lang='lat' dir='ltr'><strong>prae·</strong></span> 
     </span>
     <span class='ocr_line' id='line_1_4' title="bbox 335 780 1269 870; baseline 0 -19"><span class='ocrx_word' id='word_1_19' title='bbox 335 780 578 866; x_wconf 81' lang='lat' dir='ltr'><strong>posito</strong></span> <span class='ocrx_word' id='word_1_20' title='bbox 623 781 1269 870; x_wconf 80' lang='lat' dir='ltr'>wissegradensi.</span> 
     </span>
    </p>
   </div>
   <div class='ocr_carea' id='block_1_3' title="bbox 1230 903 1822 990">
    <p class='ocr_par' dir='ltr' id='par_1_3' title="bbox 1230 903 1822 990">
     <span class='ocr_line' id='line_1_5' title="bbox 1230 903 1822 990; baseline 0.003 -17"><span class='ocrx_word' id='word_1_21' title='bbox 1230 907 1424 990; x_wconf 83' lang='lat'>1342,</span> <span class='ocrx_word' id='word_1_22' title='bbox 1470 907 1536 974; x_wconf 87' lang='grc'><strong>3.</strong></span> <span class='ocrx_word' id='word_1_23' title='bbox 1583 904 1630 974; x_wconf 84' lang='lat' dir='ltr'><strong>J</strong></span> <span class='ocrx_word' id='word_1_24' title='bbox 1637 903 1822 975; x_wconf 82' lang='lat' dir='ltr'><strong>unii.</strong></span> 
     </span>
    </p>
   </div>
   <div class='ocr_carea' id='block_1_4' title="bbox 334 1040 2731 1374">
    <p class='ocr_par' dir='ltr' id='par_1_4' title="bbox 334 1040 2731 1374">
     <span class='ocr_line' id='line_1_6' title="bbox 531 1040 2731 1115; baseline 0.001 -19"><span class='ocrx_word' id='word_1_25' title='bbox 531 1041 656 1096; x_wconf 79' lang='lat' dir='ltr'><strong>Liet</strong></span> <span class='ocrx_word' id='word_1_26' title='bbox 693 1043 839 1098; x_wconf 79' lang='lat' dir='ltr'><strong>Jana</strong></span> <span class='ocrx_word' id='word_1_27' title='bbox 877 1044 1134 1099; x_wconf 63' lang='lat' dir='ltr'><strong>knieiete</strong></span> <span class='ocrx_word' id='word_1_28' title='bbox 1164 1044 1478 1112; x_wconf 73' lang='lat' dir='ltr'><strong>Slezskeho,</strong></span> <span class='ocrx_word' id='word_1_29' title='bbox 1535 1048 1599 1098; x_wconf 66' lang='lat' dir='ltr'><strong>ze</strong></span> <span class='ocrx_word' id='word_1_30' title='bbox 1648 1045 1767 1114; x_wconf 78' lang='lat' dir='ltr'><strong>jest</strong></span> <span class='ocrx_word' id='word_1_31' title='bbox 1823 1043 2059 1099; x_wconf 76' lang='lat' dir='ltr'><strong>zastavil</strong></span> <span class='ocrx_word' id='word_1_32' title='bbox 2109 1043 2246 1098; x_wconf 76' lang='lat' dir='ltr'><strong>brad</strong></span> <span class='ocrx_word' id='word_1_33' title='bbox 2299 1060 2333 1098; x_wconf 77' lang='lat' dir='ltr'><strong>a</strong></span> <span class='ocrx_word' id='word_1_34' title='bbox 2375 1040 2553 1098; x_wconf 78' lang='lat' dir='ltr'><strong>inesto</strong></span> <span class='ocrx_word' id='word_1_35' title='bbox 2596 1045 2731 1115; x_wconf 41' lang='lat' dir='ltr'><strong>Gor,</strong></span> 
     </span>
     <span class='ocr_line' id='line_1_7' title="bbox 334 1129 2710 1199; baseline 0.001 -17"><span class='ocrx_word' id='word_1_36' title='bbox 334 1143 386 1182; x_wconf 74' lang='lat' dir='ltr'><strong>ue</strong></span> <span class='ocrx_word' id='word_1_37' title='bbox 439 1131 580 1184; x_wconf 72' lang='lat' dir='ltr'><strong>vsim</strong></span> <span class='ocrx_word' id='word_1_38' title='bbox 633 1130 846 1199; x_wconf 75' lang='lat' dir='ltr'><strong>krajem</strong></span> <span class='ocrx_word' id='word_1_39' title='bbox 901 1148 936 1184; x_wconf 81' lang='lat' dir='ltr'>a</span> <span class='ocrx_word' id='word_1_40' title='bbox 987 1131 1432 1198; x_wconf 68' lang='lat' dir='ltr'><strong>piislusenstvim</strong></span> <span class='ocrx_word' id='word_1_41' title='bbox 1487 1130 1809 1186; x_wconf 82' lang='lat' dir='ltr'><strong>Bertoldovi</strong></span> <span class='ocrx_word' id='word_1_42' title='bbox 1856 1130 2175 1198; x_wconf 68' lang='lat' dir='ltr'><strong>probust-,ovi</strong></span> <span class='ocrx_word' id='word_1_43' title='bbox 2227 1129 2710 1198; x_wconf 68' lang='lat' dir='ltr'><strong>Vyfiehradskemu</strong></span> 
     </span>
     <span class='ocr_line' id='line_1_8' title="bbox 337 1215 2711 1288; baseline 0.001 -19"><span class='ocrx_word' id='word_1_44' title='bbox 337 1232 364 1268; x_wconf 81' lang='lat' dir='ltr'><strong>v</strong></span> <span class='ocrx_word' id='word_1_45' title='bbox 394 1216 530 1270; x_wconf 85' lang='lat' dir='ltr'><strong>osmi</strong></span> <span class='ocrx_word' id='word_1_46' title='bbox 571 1215 796 1271; x_wconf 78' lang='lat' dir='ltr'><strong>tisicich</strong></span> <span class='ocrx_word' id='word_1_47' title='bbox 833 1216 1116 1285; x_wconf 67' lang='lat' dir='ltr'><strong>iii-ivnzich‚</strong></span> <span class='ocrx_word' id='word_1_48' title='bbox 1175 1219 1374 1272; x_wconf 61' lang='lat' dir='ltr'><strong>zsmku</strong></span> <span class='ocrx_word' id='word_1_49' title='bbox 1409 1218 1563 1286; x_wconf 70' lang='lat' dir='ltr'><strong>Jemu</strong></span> <span class='ocrx_word' id='word_1_50' title='bbox 1599 1217 1747 1272; x_wconf 82' lang='lat' dir='ltr'><strong>hned</strong></span> <span class='ocrx_word' id='word_1_51' title='bbox 1782 1219 2097 1288; x_wconf 87' lang='lat' dir='ltr'><strong>postupuje‚</strong></span> <span class='ocrx_word' id='word_1_52' title='bbox 2150 1217 2239 1272; x_wconf 77' lang='lat' dir='ltr'><strong>ale</strong></span> <span class='ocrx_word' id='word_1_53' title='bbox 2293 1219 2471 1272; x_wconf 75' lang='lat' dir='ltr'><strong>mesto</strong></span> <span class='ocrx_word' id='word_1_54' title='bbox 2525 1219 2711 1272; x_wconf 59' lang='lat' dir='ltr'><strong>temnit</strong></span> 
     </span>
     <span class='ocr_line' id='line_1_9' title="bbox 335 1302 2552 1374; baseline 0 -17"><span class='ocrx_word' id='word_1_55' title='bbox 335 1302 642 1370; x_wconf 70' lang='lat' dir='ltr'><strong>probostovi</strong></span> <span class='ocrx_word' id='word_1_56' title='bbox 678 1308 766 1360; x_wconf 63' lang='lat' dir='ltr'><strong>ma</strong></span> <span class='ocrx_word' id='word_1_57' title='bbox 801 1304 1126 1372; x_wconf 66' lang='lat' dir='ltr'><strong>pripadmiti</strong></span> <span class='ocrx_word' id='word_1_58' title='bbox 1161 1322 1195 1359; x_wconf 83' lang='lat' dir='ltr'>v</span> <span class='ocrx_word' id='word_1_59' title='bbox 1233 1307 1294 1358; x_wconf 73' lang='lat' dir='ltr'><strong>te</strong></span> <span class='ocrx_word' id='word_1_60' title='bbox 1331 1307 1562 1360; x_wconf 62' lang='lat' dir='ltr'><strong>zaetave</strong></span> <span class='ocrx_word' id='word_1_61' title='bbox 1598 1305 1745 1360; x_wconf 86' lang='lat' dir='ltr'><strong>hned</strong></span> <span class='ocrx_word' id='word_1_62' title='bbox 1780 1321 1851 1374; x_wconf 88' lang='lat' dir='ltr'><strong>po</strong></span> <span class='ocrx_word' id='word_1_63' title='bbox 1889 1305 2047 1360; x_wconf 82' lang='lat' dir='ltr'><strong>smrti</strong></span> <span class='ocrx_word' id='word_1_64' title='bbox 2088 1305 2360 1360; x_wconf 69' lang='lat' dir='ltr'><strong>kniezete.</strong></span> <span class='ocrx_word' id='word_1_65' title='bbox 2402 1307 2552 1360; x_wconf 82' lang='lat'><strong>1343.</strong></span> 
     </span>
    </p>
   </div>
   <div class='ocr_carea' id='block_1_5' title="bbox 635 1425 2402 1526">
    <p class='ocr_par' dir='ltr' id='par_1_5' title="bbox 635 1425 2402 1526">
     <span class='ocr_line' id='line_1_10' title="bbox 635 1425 2402 1526; baseline 0.001 -36"><span class='ocrx_word' id='word_1_66' title='bbox 635 1426 943 1512; x_wconf 68' lang='lat' dir='ltr'><strong>(Mutatio</strong></span> <span class='ocrx_word' id='word_1_67' title='bbox 979 1427 1308 1492; x_wconf 67' lang='lat' dir='ltr'><strong>nautandis</strong></span> <span class='ocrx_word' id='word_1_68' title='bbox 1340 1437 1412 1490; x_wconf 76' lang='lat' dir='ltr'><strong>ut</strong></span> <span class='ocrx_word' id='word_1_69' title='bbox 1443 1427 1514 1488; x_wconf 80' lang='lat' dir='ltr'><strong>in</strong></span> <span class='ocrx_word' id='word_1_70' title='bbox 1545 1425 1901 1526; x_wconf 76' lang='lat' dir='ltr'><strong>diplomate</strong></span> <span class='ocrx_word' id='word_1_71' title='bbox 1944 1427 2402 1513; x_wconf 70' lang='lat' dir='ltr'><strong><em>praecedenti.)</em></strong></span> 
     </span>
    </p>
   </div>
   <div class='ocr_carea' id='block_1_6' title="bbox 341 1563 2710 1757">
    <p class='ocr_par' dir='ltr' id='par_1_6' title="bbox 341 1563 2710 1757">
     <span class='ocr_line' id='line_1_11' title="bbox 528 1563 2710 1654; baseline -0 -18"><span class='ocrx_word' id='word_1_72' title='bbox 528 1565 653 1654; x_wconf 85' lang='lat' dir='ltr'><strong>(A.</strong></span> <span class='ocrx_word' id='word_1_73' title='bbox 721 1564 816 1636; x_wconf 83' lang='lat' dir='ltr'><strong>K.</strong></span> <span class='ocrx_word' id='word_1_74' title='bbox 877 1605 964 1616; x_wconf 91' lang='lat'><strong>-—</strong></span> <span class='ocrx_word' id='word_1_75' title='bbox 1017 1563 1235 1652; x_wconf 76' lang='lat' dir='ltr'><strong>Chytil</strong></span> <span class='ocrx_word' id='word_1_76' title='bbox 1313 1565 1446 1632; x_wconf 87' lang='lat' dir='ltr'><strong><em>VII.</em></strong></span> <span class='ocrx_word' id='word_1_77' title='bbox 1515 1567 1665 1632; x_wconf 85' lang='lat'><strong><em>412.</em></strong></span> <span class='ocrx_word' id='word_1_78' title='bbox 1712 1605 1798 1616; x_wconf 91' lang='lat'><em>-</em></span> <span class='ocrx_word' id='word_1_79' title='bbox 1846 1565 2238 1652; x_wconf 68' lang='lat' dir='ltr'><strong>Granhaqen</strong></span> <span class='ocrx_word' id='word_1_80' title='bbox 2306 1566 2359 1632; x_wconf 91' lang='lat' dir='ltr'><strong>I.</strong></span> <span class='ocrx_word' id='word_1_81' title='bbox 2428 1567 2576 1635; x_wconf 86' lang='lat'><strong><em>161.</em></strong></span> <span class='ocrx_word' id='word_1_82' title='bbox 2624 1605 2710 1615; x_wconf 92' lang='lat'>—</span> 
     </span>
     <span class='ocr_line' id='line_1_12' title="bbox 341 1669 972 1757; baseline 0.006 -24"><span class='ocrx_word' id='word_1_83' title='bbox 341 1669 541 1734; x_wconf 57' lang='lat' dir='ltr'><strong>enzer</strong></span> <span class='ocrx_word' id='word_1_84' title='bbox 588 1671 700 1738; x_wconf 79' lang='lat' dir='ltr'><strong>JV.</strong></span> <span class='ocrx_word' id='word_1_85' title='bbox 746 1671 972 1757; x_wconf 86' lang='lat'><strong><em>1031.)</em></strong></span> 
     </span>
    </p>
   </div>
   <div class='ocr_carea' id='block_1_7' title="bbox 341 1858 2703 2054">
    <p class='ocr_par' dir='ltr' id='par_1_7' title="bbox 341 1858 2703 2054">
     <span class='ocr_line' id='line_1_13' title="bbox 527 1858 2703 1948; baseline -0.002 -16"><span class='ocrx_word' id='word_1_86' title='bbox 527 1863 681 1932; x_wconf 81' lang='lat'><strong>213.</strong></span> <span class='ocrx_word' id='word_1_87' title='bbox 743 1861 1077 1932; x_wconf 81' lang='lat' dir='ltr'><strong>Joannes</strong></span> <span class='ocrx_word' id='word_1_88' title='bbox 1137 1861 1292 1931; x_wconf 82' lang='lat' dir='ltr'><strong>‹lnx</strong></span> <span class='ocrx_word' id='word_1_89' title='bbox 1355 1860 1653 1934; x_wconf 80' lang='lat' dir='ltr'><strong>Sleziae</strong></span> <span class='ocrx_word' id='word_1_90' title='bbox 1714 1861 2092 1948; x_wconf 83' lang='lat' dir='ltr'><strong>permittit</strong></span> <span class='ocrx_word' id='word_1_91' title='bbox 2150 1858 2703 1932; x_wconf 76' lang='lat' dir='ltr'><strong>exsolutionem</strong></span> 
     </span>
     <span class='ocr_line' id='line_1_14' title="bbox 341 1965 2193 2054; baseline -0.001 -19"><span class='ocrx_word' id='word_1_92' title='bbox 341 1966 584 2053; x_wconf 81' lang='lat' dir='ltr'><strong>oppidi</strong></span> <span class='ocrx_word' id='word_1_93' title='bbox 630 1965 1030 2037; x_wconf 87' lang='lat' dir='ltr'><strong>Polkowic</strong></span> <span class='ocrx_word' id='word_1_94' title='bbox 1077 1987 1215 2054; x_wconf 88' lang='lat' dir='ltr'><strong>per</strong></span> <span class='ocrx_word' id='word_1_95' title='bbox 1259 1967 1612 2037; x_wconf 62' lang='lat' dir='ltr'><strong>vai-olum</strong></span> <span class='ocrx_word' id='word_1_96' title='bbox 1660 1965 2193 2036; x_wconf 78' lang='lat' dir='ltr'><strong>marchionem.</strong></span> 
     </span>
    </p>
   </div>
   <div class='ocr_carea' id='block_1_8' title="bbox 1220 2087 1813 2172">
    <p class='ocr_par' dir='ltr' id='par_1_8' title="bbox 1220 2087 1813 2172">
     <span class='ocr_line' id='line_1_15' title="bbox 1220 2087 1813 2172; baseline -0.002 -15"><span class='ocrx_word' id='word_1_97' title='bbox 1220 2090 1414 2172; x_wconf 80' lang='lat'>1342,</span> <span class='ocrx_word' id='word_1_98' title='bbox 1459 2090 1524 2157; x_wconf 86' lang='lat'><strong>3.</strong></span> <span class='ocrx_word' id='word_1_99' title='bbox 1572 2087 1813 2158; x_wconf 88' lang='lat' dir='ltr'><strong>Junii.</strong></span> 
     </span>
    </p>
   </div>
   <div class='ocr_carea' id='block_1_9' title="bbox 340 2207 2709 3932">
    <p class='ocr_par' dir='ltr' id='par_1_9' title="bbox 340 2207 2709 2450">
     <span class='ocr_line' id='line_1_16' title="bbox 525 2207 2709 2280; baseline -0.001 -16"><span class='ocrx_word' id='word_1_100' title='bbox 525 2209 652 2264; x_wconf 80' lang='lat' dir='ltr'><strong>List</strong></span> <span class='ocrx_word' id='word_1_101' title='bbox 675 2209 940 2266; x_wconf 63' lang='lat' dir='ltr'><strong>kniezete</strong></span> <span class='ocrx_word' id='word_1_102' title='bbox 963 2211 1109 2265; x_wconf 76' lang='lat' dir='ltr'><strong>ana</strong></span> <span class='ocrx_word' id='word_1_103' title='bbox 1135 2211 1453 2280; x_wconf 78' lang='lat' dir='ltr'><strong>Slezskeh0‚</strong></span> <span class='ocrx_word' id='word_1_104' title='bbox 1478 2215 1544 2264; x_wconf 68' lang='lat' dir='ltr'><strong>ze</strong></span> <span class='ocrx_word' id='word_1_105' title='bbox 1571 2210 1716 2264; x_wconf 56' lang='lat' dir='ltr'><strong>deva</strong></span> <span class='ocrx_word' id='word_1_106' title='bbox 1742 2211 1838 2265; x_wconf 67' lang='lat' dir='ltr'><strong>sve</strong></span> <span class='ocrx_word' id='word_1_107' title='bbox 1862 2209 2155 2278; x_wconf 76' lang='lat' dir='ltr'><strong>povolenie</strong></span> <span class='ocrx_word' id='word_1_108' title='bbox 2180 2209 2431 2264; x_wconf 67' lang='lat' dir='ltr'><strong>knieieti</strong></span> <span class='ocrx_word' id='word_1_109' title='bbox 2457 2207 2709 2278; x_wconf 60' lang='lat' dir='ltr'><strong>Rumori,</strong></span> 
     </span>
     <span class='ocr_line' id='line_1_17' title="bbox 341 2295 2707 2366; baseline -0 -18"><span class='ocrx_word' id='word_1_110' title='bbox 341 2312 464 2363; x_wconf 72' lang='lat' dir='ltr'><strong>nynu</strong></span> <span class='ocrx_word' id='word_1_111' title='bbox 519 2299 677 2352; x_wconf 62' lang='lat' dir='ltr'><strong>krale</strong></span> <span class='ocrx_word' id='word_1_112' title='bbox 738 2298 992 2366; x_wconf 65' lang='lat' dir='ltr'><strong>(zeizhelm,</strong></span> <span class='ocrx_word' id='word_1_113' title='bbox 1053 2297 1160 2364; x_wconf 77' lang='lat' dir='ltr'><strong>aby</strong></span> <span class='ocrx_word' id='word_1_114' title='bbox 1217 2297 1365 2352; x_wconf 90' lang='lat' dir='ltr'><strong>mohl</strong></span> <span class='ocrx_word' id='word_1_115' title='bbox 1420 2297 1687 2366; x_wconf 82' lang='lat' dir='ltr'><strong>vyplatiti</strong></span> <span class='ocrx_word' id='word_1_116' title='bbox 1748 2299 2031 2352; x_wconf 74' lang='lat' dir='ltr'><strong>mestecko</strong></span> <span class='ocrx_word' id='word_1_117' title='bbox 2094 2295 2392 2352; x_wconf 83' lang='lat' dir='ltr'><strong>Polkovice</strong></span> <span class='ocrx_word' id='word_1_118' title='bbox 2450 2309 2512 2348; x_wconf 85' lang='lat' dir='ltr'><strong>se</strong></span> <span class='ocrx_word' id='word_1_119' title='bbox 2568 2296 2707 2348; x_wconf 70' lang='lat' dir='ltr'><strong>vsim</strong></span> 
     </span>
     <span class='ocr_line' id='line_1_18' title="bbox 340 2384 2403 2450; baseline -0.001 -12"><span class='ocrx_word' id='word_1_120' title='bbox 340 2384 784 2450; x_wconf 69' lang='lat' dir='ltr'><strong>piislnsenstvim.</strong></span> <span class='ocrx_word' id='word_1_121' title='bbox 827 2385 973 2438; x_wconf 75' lang='lat'>1342.</span> <span class='ocrx_word' id='word_1_122' title='bbox 2398 2407 2403 2412; x_wconf 81' lang='lat'><strong>·</strong></span> 
     </span>
    </p>

    <p class='ocr_par' dir='ltr' id='par_1_10' title="bbox 343 2489 2707 3932">
     <span class='ocr_line' id='line_1_19' title="bbox 529 2489 2707 2573; baseline -0.001 -15"><span class='ocrx_word' id='word_1_123' title='bbox 529 2493 658 2558; x_wconf 83' lang='lat' dir='ltr'><strong>Nos</strong></span> <span class='ocrx_word' id='word_1_124' title='bbox 704 2491 1002 2558; x_wconf 84' lang='lat' dir='ltr'><strong>Joannes</strong></span> <span class='ocrx_word' id='word_1_125' title='bbox 1059 2492 1136 2557; x_wconf 95' lang='lat' dir='ltr'><strong>D.</strong></span> <span class='ocrx_word' id='word_1_126' title='bbox 1183 2512 1274 2573; x_wconf 81' lang='lat' dir='ltr'><strong>gr.</strong></span> <span class='ocrx_word' id='word_1_127' title='bbox 1336 2494 1468 2557; x_wconf 84' lang='lat' dir='ltr'><strong>dux</strong></span> <span class='ocrx_word' id='word_1_128' title='bbox 1529 2491 1789 2557; x_wconf 86' lang='lat' dir='ltr'><strong>Slesiae</strong></span> <span class='ocrx_word' id='word_1_129' title='bbox 1848 2497 1918 2558; x_wconf 86' lang='lat' dir='ltr'><strong>et</strong></span> <span class='ocrx_word' id='word_1_130' title='bbox 1978 2491 2277 2557; x_wconf 87' lang='lat' dir='ltr'><strong>dominus</strong></span> <span class='ocrx_word' id='word_1_131' title='bbox 2338 2489 2707 2572; x_wconf 82' lang='lat' dir='ltr'><strong>Stinaviae‚</strong></span> 
     </span>
     <span class='ocr_line' id='line_1_20' title="bbox 343 2594 2704 2679; baseline -0 -19"><span class='ocrx_word' id='word_1_132' title='bbox 343 2597 856 2679; x_wconf 81' lang='lat' dir='ltr'><strong>recognoscimus</strong></span> <span class='ocrx_word' id='word_1_133' title='bbox 902 2604 1046 2678; x_wconf 87' lang='lat' dir='ltr'><strong>etc.,</strong></span> <span class='ocrx_word' id='word_1_134' title='bbox 1104 2598 1278 2676; x_wconf 85' lang='lat' dir='ltr'><strong>quod</strong></span> <span class='ocrx_word' id='word_1_135' title='bbox 1339 2596 1698 2662; x_wconf 74' lang='lat' dir='ltr'><strong>excellenti</strong></span> <span class='ocrx_word' id='word_1_136' title='bbox 1764 2594 2067 2678; x_wconf 87' lang='lat' dir='ltr'><strong>principi,</strong></span> <span class='ocrx_word' id='word_1_137' title='bbox 2127 2594 2386 2660; x_wconf 86' lang='lat' dir='ltr'><strong>domino</strong></span> <span class='ocrx_word' id='word_1_138' title='bbox 2450 2594 2704 2677; x_wconf 66' lang='lat' dir='ltr'><strong>Carum,</strong></span> 
     </span>
     <span class='ocr_line' id='line_1_21' title="bbox 345 2698 2705 2783; baseline -0 -19"><span class='ocrx_word' id='word_1_139' title='bbox 345 2700 728 2768; x_wconf 83' lang='lat' dir='ltr'><strong>serenissimi</strong></span> <span class='ocrx_word' id='word_1_140' title='bbox 783 2699 1028 2766; x_wconf 86' lang='lat' dir='ltr'><strong>domini</strong></span> <span class='ocrx_word' id='word_1_141' title='bbox 1091 2699 1322 2782; x_wconf 84' lang='lat' dir='ltr'><strong>nost-ri,</strong></span> <span class='ocrx_word' id='word_1_142' title='bbox 1381 2700 1562 2783; x_wconf 89' lang='lat' dir='ltr'><strong>regis</strong></span> <span class='ocrx_word' id='word_1_143' title='bbox 1625 2700 1953 2783; x_wconf 84' lang='lat' dir='ltr'><strong>Boemiae‚</strong></span> <span class='ocrx_word' id='word_1_144' title='bbox 2016 2698 2475 2782; x_wconf 83' lang='lat' dir='ltr'><strong>primogenito,</strong></span> <span class='ocrx_word' id='word_1_145' title='bbox 2536 2717 2705 2764; x_wconf 88' lang='lat' dir='ltr'><strong>mar·</strong></span> 
     </span>
     <span class='ocr_line' id='line_1_22' title="bbox 346 2801 2703 2890; baseline -0 -23"><span class='ocrx_word' id='word_1_146' title='bbox 346 2803 544 2871; x_wconf 87' lang='lat' dir='ltr'><strong>chioni</strong></span> <span class='ocrx_word' id='word_1_147' title='bbox 588 2806 692 2890; x_wconf 68' lang='lat' dir='ltr'><strong>M„</strong></span> <span class='ocrx_word' id='word_1_148' title='bbox 738 2805 996 2871; x_wconf 87' lang='lat' dir='ltr'><strong>domino</strong></span> <span class='ocrx_word' id='word_1_149' title='bbox 1043 2812 1272 2870; x_wconf 89' lang='lat' dir='ltr'><strong>nostro</strong></span> <span class='ocrx_word' id='word_1_150' title='bbox 1333 2804 1698 2887; x_wconf 74' lang='lat' dir='ltr'><strong>carissimO,</strong></span> <span class='ocrx_word' id='word_1_151' title='bbox 1760 2804 2175 2888; x_wconf 88' lang='lat' dir='ltr'><strong>indulgemus</strong></span> <span class='ocrx_word' id='word_1_152' title='bbox 2234 2801 2703 2883; x_wconf 82' lang='lat' dir='ltr'><strong>praesentibus</strong></span> 
     </span>
     <span class='ocr_line' id='line_1_23' title="bbox 346 2904 2703 2990; baseline -0.001 -19"><span class='ocrx_word' id='word_1_153' title='bbox 346 2914 408 2971; x_wconf 88' lang='lat' dir='ltr'><strong>et</strong></span> <span class='ocrx_word' id='word_1_154' title='bbox 473 2908 764 2977; x_wconf 73' lang='lat' dir='ltr'><strong>favemus</strong></span> <span class='ocrx_word' id='word_1_155' title='bbox 839 2929 919 2977; x_wconf 82' lang='lat' dir='ltr'><strong>ac</strong></span> <span class='ocrx_word' id='word_1_156' title='bbox 993 2908 1252 2975; x_wconf 90' lang='lat' dir='ltr'><strong>omnino</strong></span> <span class='ocrx_word' id='word_1_157' title='bbox 1319 2914 1593 2973; x_wconf 83' lang='lat' dir='ltr'><strong>nostrae</strong></span> <span class='ocrx_word' id='word_1_158' title='bbox 1665 2908 2030 2974; x_wconf 84' lang='lat' dir='ltr'><strong>voluntatis</strong></span> <span class='ocrx_word' id='word_1_159' title='bbox 2100 2904 2351 2990; x_wconf 80' lang='lat' dir='ltr'><strong>existit,</strong></span> <span class='ocrx_word' id='word_1_160' title='bbox 2418 2910 2493 2971; x_wconf 91' lang='lat' dir='ltr'><strong>ut</strong></span> <span class='ocrx_word' id='word_1_161' title='bbox 2558 2904 2703 2986; x_wconf 87' lang='lat' dir='ltr'><strong>ipse</strong></span> 
     </span>
     <span class='ocr_line' id='line_1_24' title="bbox 345 3009 2702 3093; baseline -0.001 -17"><span class='ocrx_word' id='word_1_162' title='bbox 345 3012 624 3093; x_wconf 86' lang='lat' dir='ltr'><strong>oppidum</strong></span> <span class='ocrx_word' id='word_1_163' title='bbox 689 3019 986 3082; x_wconf 85' lang='lat' dir='ltr'><strong>nostrum</strong></span> <span class='ocrx_word' id='word_1_164' title='bbox 1035 3012 1406 3079; x_wconf 86' lang='lat' dir='ltr'><strong>Polkowitz</strong></span> <span class='ocrx_word' id='word_1_165' title='bbox 1455 3030 1600 3078; x_wconf 92' lang='lat' dir='ltr'><strong>cum</strong></span> <span class='ocrx_word' id='word_1_166' title='bbox 1648 3012 1991 3079; x_wconf 86' lang='lat' dir='ltr'><strong>territorio</strong></span> <span class='ocrx_word' id='word_1_167' title='bbox 2041 3017 2107 3078; x_wconf 85' lang='lat' dir='ltr'><strong>et</strong></span> <span class='ocrx_word' id='word_1_168' title='bbox 2154 3010 2291 3077; x_wconf 90' lang='lat' dir='ltr'><strong>suis</strong></span> <span class='ocrx_word' id='word_1_169' title='bbox 2352 3009 2702 3091; x_wconf 84' lang='lat' dir='ltr'><strong>appendiis</strong></span> 
     </span>
     <span class='ocr_line' id='line_1_25' title="bbox 345 3113 2701 3201; baseline -0.001 -22"><span class='ocrx_word' id='word_1_170' title='bbox 345 3125 408 3181; x_wconf 87' lang='lat' dir='ltr'><strong>et</strong></span> <span class='ocrx_word' id='word_1_171' title='bbox 436 3118 849 3198; x_wconf 86' lang='lat' dir='ltr'><strong>pertinentiis</strong></span> <span class='ocrx_word' id='word_1_172' title='bbox 881 3116 1215 3184; x_wconf 86' lang='lat' dir='ltr'><strong>universis</strong></span> <span class='ocrx_word' id='word_1_173' title='bbox 1250 3136 1368 3199; x_wconf 89' lang='lat' dir='ltr'><strong>pro</strong></span> <span class='ocrx_word' id='word_1_174' title='bbox 1401 3116 1893 3201; x_wconf 82' lang='lat' dir='ltr'><strong>quadringenta</strong></span> <span class='ocrx_word' id='word_1_175' title='bbox 1925 3116 2167 3181; x_wconf 82' lang='lat' dir='ltr'><strong>marcis</strong></span> <span class='ocrx_word' id='word_1_176' title='bbox 2200 3133 2296 3197; x_wconf 88' lang='lat' dir='ltr'><strong>gr.</strong></span> <span class='ocrx_word' id='word_1_177' title='bbox 2328 3115 2473 3179; x_wconf 81' lang='lat' dir='ltr'><strong>den.</strong></span> <span class='ocrx_word' id='word_1_178' title='bbox 2506 3113 2701 3197; x_wconf 85' lang='lat' dir='ltr'><strong>Prag.</strong></span> 
     </span>
     <span class='ocr_line' id='line_1_26' title="bbox 347 3218 2702 3308; baseline -0.001 -24"><span class='ocrx_word' id='word_1_179' title='bbox 347 3220 460 3300; x_wconf 86' lang='lat' dir='ltr'><strong>pol.</strong></span> <span class='ocrx_word' id='word_1_180' title='bbox 523 3243 678 3308; x_wconf 65' lang='lat' dir='ltr'><strong>pag„</strong></span> <span class='ocrx_word' id='word_1_181' title='bbox 739 3224 808 3290; x_wconf 93' lang='lat' dir='ltr'><strong>in</strong></span> <span class='ocrx_word' id='word_1_182' title='bbox 869 3222 1108 3303; x_wconf 88' lang='lat' dir='ltr'><strong>quibus</strong></span> <span class='ocrx_word' id='word_1_183' title='bbox 1167 3220 1330 3288; x_wconf 89' lang='lat' dir='ltr'><strong>illud</strong></span> <span class='ocrx_word' id='word_1_184' title='bbox 1385 3221 1632 3287; x_wconf 80' lang='lat' dir='ltr'><strong>illustri</strong></span> <span class='ocrx_word' id='word_1_185' title='bbox 1696 3220 1997 3303; x_wconf 84' lang='lat' dir='ltr'><strong>principi,</strong></span> <span class='ocrx_word' id='word_1_186' title='bbox 2058 3222 2115 3285; x_wconf 88' lang='lat' dir='ltr'><strong>d.</strong></span> <span class='ocrx_word' id='word_1_187' title='bbox 2178 3218 2488 3302; x_wconf 90' lang='lat' dir='ltr'><strong>Henrico,</strong></span> <span class='ocrx_word' id='word_1_188' title='bbox 2550 3218 2702 3283; x_wconf 89' lang='lat' dir='ltr'><strong>duci</strong></span> 
     </span>
     <span class='ocr_line' id='line_1_27' title="bbox 345 3320 2703 3411; baseline -0.001 -23"><span class='ocrx_word' id='word_1_189' title='bbox 345 3325 650 3411; x_wconf 83' lang='lat' dir='ltr'><strong>Jaurensi‚</strong></span> <span class='ocrx_word' id='word_1_190' title='bbox 689 3338 928 3410; x_wconf 80' lang='lat' dir='ltr'><strong>patruo</strong></span> <span class='ocrx_word' id='word_1_191' title='bbox 963 3336 1208 3405; x_wconf 89' lang='lat' dir='ltr'><strong>nostro,</strong></span> <span class='ocrx_word' id='word_1_192' title='bbox 1240 3344 1362 3407; x_wconf 87' lang='lat' dir='ltr'><strong>per</strong></span> <span class='ocrx_word' id='word_1_193' title='bbox 1391 3344 1512 3392; x_wconf 90' lang='lat' dir='ltr'><strong>nos</strong></span> <span class='ocrx_word' id='word_1_194' title='bbox 1545 3324 1715 3391; x_wconf 85' lang='lat' dir='ltr'><strong>alias</strong></span> <span class='ocrx_word' id='word_1_195' title='bbox 1750 3324 1977 3390; x_wconf 81' lang='lat' dir='ltr'><strong>extitit</strong></span> <span class='ocrx_word' id='word_1_196' title='bbox 2008 3324 2388 3406; x_wconf 77' lang='lat' dir='ltr'><strong>obligatum,</strong></span> <span class='ocrx_word' id='word_1_197' title='bbox 2420 3320 2703 3389; x_wconf 84' lang='lat' dir='ltr'><strong>redimat</strong></span> 
     </span>
     <span class='ocr_line' id='line_1_28' title="bbox 345 3425 2701 3513; baseline 0 -22"><span class='ocrx_word' id='word_1_198' title='bbox 345 3432 410 3492; x_wconf 89' lang='lat' dir='ltr'><strong>et</strong></span> <span class='ocrx_word' id='word_1_199' title='bbox 451 3434 755 3513; x_wconf 81' lang='lat' dir='ltr'><strong>exsolvat,</strong></span> <span class='ocrx_word' id='word_1_200' title='bbox 803 3431 1106 3511; x_wconf 88' lang='lat' dir='ltr'><strong>quodque</strong></span> <span class='ocrx_word' id='word_1_201' title='bbox 1155 3430 1566 3511; x_wconf 86' lang='lat' dir='ltr'><strong>praedictum</strong></span> <span class='ocrx_word' id='word_1_202' title='bbox 1616 3428 1927 3509; x_wconf 85' lang='lat' dir='ltr'><strong>oppidum</strong></span> <span class='ocrx_word' id='word_1_203' title='bbox 1988 3426 2357 3494; x_wconf 87' lang='lat' dir='ltr'><strong>Polkowitz</strong></span> <span class='ocrx_word' id='word_1_204' title='bbox 2405 3431 2473 3493; x_wconf 89' lang='lat' dir='ltr'><strong>et</strong></span> <span class='ocrx_word' id='word_1_205' title='bbox 2519 3425 2701 3492; x_wconf 86' lang='lat' dir='ltr'><strong>aliud</strong></span> 
     </span>
     <span class='ocr_line' id='line_1_29' title="bbox 347 3528 2699 3616; baseline -0.002 -19"><span class='ocrx_word' id='word_1_206' title='bbox 347 3534 626 3615; x_wconf 81' lang='lat' dir='ltr'><strong>oppidum</strong></span> <span class='ocrx_word' id='word_1_207' title='bbox 674 3542 973 3602; x_wconf 87' lang='lat' dir='ltr'><strong>nostrum</strong></span> <span class='ocrx_word' id='word_1_208' title='bbox 1021 3534 1256 3616; x_wconf 80' lang='lat' dir='ltr'><strong>Lynde</strong></span> <span class='ocrx_word' id='word_1_209' title='bbox 1314 3553 1460 3599; x_wconf 90' lang='lat' dir='ltr'><strong>cum</strong></span> <span class='ocrx_word' id='word_1_210' title='bbox 1519 3533 1658 3599; x_wconf 88' lang='lat' dir='ltr'><strong>suis</strong></span> <span class='ocrx_word' id='word_1_211' title='bbox 1719 3531 2101 3614; x_wconf 83' lang='lat' dir='ltr'><strong>territoriis,</strong></span> <span class='ocrx_word' id='word_1_212' title='bbox 2147 3530 2477 3614; x_wconf 81' lang='lat' dir='ltr'><strong>greniciis,</strong></span> <span class='ocrx_word' id='word_1_213' title='bbox 2534 3528 2699 3594; x_wconf 88' lang='lat' dir='ltr'><strong>limi-</strong></span> 
     </span>
     <span class='ocr_line' id='line_1_30' title="bbox 347 3634 2701 3723; baseline -0 -24"><span class='ocrx_word' id='word_1_214' title='bbox 347 3634 528 3721; x_wconf 82' lang='lat' dir='ltr'><strong>tibus,</strong></span> <span class='ocrx_word' id='word_1_215' title='bbox 567 3642 758 3723; x_wconf 89' lang='lat' dir='ltr'><strong>villis,</strong></span> <span class='ocrx_word' id='word_1_216' title='bbox 806 3638 1212 3706; x_wconf 85' lang='lat' dir='ltr'><strong>utilitatibus</strong></span> <span class='ocrx_word' id='word_1_217' title='bbox 1261 3644 1330 3703; x_wconf 87' lang='lat' dir='ltr'><strong>et</strong></span> <span class='ocrx_word' id='word_1_218' title='bbox 1377 3636 1803 3720; x_wconf 87' lang='lat' dir='ltr'><strong>pertinent-iis</strong></span> <span class='ocrx_word' id='word_1_219' title='bbox 1849 3656 1929 3703; x_wconf 80' lang='lat' dir='ltr'><strong>ac</strong></span> <span class='ocrx_word' id='word_1_220' title='bbox 1973 3634 2322 3717; x_wconf 85' lang='lat' dir='ltr'><strong>appendiis</strong></span> <span class='ocrx_word' id='word_1_221' title='bbox 2368 3634 2701 3700; x_wconf 85' lang='lat' dir='ltr'><strong>universis</strong></span> 
     </span>
     <span class='ocr_line' id='line_1_31' title="bbox 349 3741 2699 3827; baseline -0.001 -21"><span class='ocrx_word' id='word_1_222' title='bbox 349 3742 581 3810; x_wconf 87' lang='lat' dir='ltr'><strong>nomine</strong></span> <span class='ocrx_word' id='word_1_223' title='bbox 603 3746 744 3812; x_wconf 89' lang='lat' dir='ltr'><strong>veri</strong></span> <span class='ocrx_word' id='word_1_224' title='bbox 772 3742 1068 3827; x_wconf 86' lang='lat' dir='ltr'><strong>pignoris</strong></span> <span class='ocrx_word' id='word_1_225' title='bbox 1098 3744 1344 3809; x_wconf 83' lang='lat' dir='ltr'><strong>habeat</strong></span> <span class='ocrx_word' id='word_1_226' title='bbox 1368 3746 1436 3807; x_wconf 87' lang='lat' dir='ltr'><strong>et</strong></span> <span class='ocrx_word' id='word_1_227' title='bbox 1462 3741 1802 3822; x_wconf 84' lang='lat' dir='ltr'><strong>possideat</strong></span> <span class='ocrx_word' id='word_1_228' title='bbox 1827 3741 2095 3821; x_wconf 81' lang='lat' dir='ltr'><strong>tamdiu,</strong></span> <span class='ocrx_word' id='word_1_229' title='bbox 2118 3757 2412 3820; x_wconf 89' lang='lat' dir='ltr'><strong>quosque</strong></span> <span class='ocrx_word' id='word_1_230' title='bbox 2437 3757 2558 3820; x_wconf 90' lang='lat' dir='ltr'><strong>per</strong></span> <span class='ocrx_word' id='word_1_231' title='bbox 2579 3757 2699 3804; x_wconf 88' lang='lat' dir='ltr'><strong>nos</strong></span> 
     </span>
     <span class='ocr_line' id='line_1_32' title="bbox 351 3843 2697 3932; baseline -0.001 -24"><span class='ocrx_word' id='word_1_232' title='bbox 351 3853 412 3909; x_wconf 87' lang='lat' dir='ltr'><strong>et</strong></span> <span class='ocrx_word' id='word_1_233' title='bbox 455 3864 568 3913; x_wconf 89' lang='lat' dir='ltr'><strong>non</strong></span> <span class='ocrx_word' id='word_1_234' title='bbox 609 3868 726 3932; x_wconf 84' lang='lat' dir='ltr'><strong>per</strong></span> <span class='ocrx_word' id='word_1_235' title='bbox 771 3848 1070 3930; x_wconf 85' lang='lat' dir='ltr'><strong>quemvis</strong></span> <span class='ocrx_word' id='word_1_236' title='bbox 1105 3847 1302 3912; x_wconf 85' lang='lat' dir='ltr'><strong>alium</strong></span> <span class='ocrx_word' id='word_1_237' title='bbox 1335 3846 1402 3912; x_wconf 93' lang='lat' dir='ltr'><strong>in</strong></span> <span class='ocrx_word' id='word_1_238' title='bbox 1445 3846 1749 3927; x_wconf 80' lang='lat' dir='ltr'><strong>praefata</strong></span> <span class='ocrx_word' id='word_1_239' title='bbox 1782 3846 2065 3927; x_wconf 83' lang='lat' dir='ltr'><strong>pecunia</strong></span> <span class='ocrx_word' id='word_1_240' title='bbox 2094 3843 2343 3910; x_wconf 86' lang='lat' dir='ltr'><strong>fuerint</strong></span> <span class='ocrx_word' id='word_1_241' title='bbox 2374 3844 2697 3909; x_wconf 86' lang='lat' dir='ltr'><strong>exsoluta.</strong></span> 
     </span>
    </p>
   </div>
   <div class='ocr_carea' id='block_1_10' title="bbox 354 3952 2699 4421">
    <p class='ocr_par' dir='ltr' id='par_1_11' title="bbox 537 3952 918 4020">
     <span class='ocr_line' id='line_1_33' title="bbox 537 3952 918 4020; baseline -0.005 -1"><span class='ocrx_word' id='word_1_242' title='bbox 537 3952 778 4020; x_wconf 82' lang='lat' dir='ltr'><strong>Harum</strong></span> <span class='ocrx_word' id='word_1_243' title='bbox 811 4004 824 4019; x_wconf 91' lang='lat'><strong>.</strong></span> <span class='ocrx_word' id='word_1_244' title='bbox 860 4006 872 4017; x_wconf 94' lang='lat'>.</span> <span class='ocrx_word' id='word_1_245' title='bbox 905 4006 918 4018; x_wconf 87' lang='lat'><strong>.</strong></span> 
     </span>
    </p>

    <p class='ocr_par' dir='ltr' id='par_1_12' title="bbox 354 4085 2699 4261">
     <span class='ocr_line' id='line_1_34' title="bbox 537 4085 2699 4171; baseline -0.003 -15"><span class='ocrx_word' id='word_1_246' title='bbox 537 4090 772 4161; x_wconf 84' lang='lat' dir='ltr'><strong>Datum</strong></span> <span class='ocrx_word' id='word_1_247' title='bbox 819 4089 1288 4171; x_wconf 81' lang='lat' dir='ltr'><strong>Vratislaviae,</strong></span> <span class='ocrx_word' id='word_1_248' title='bbox 1333 4088 1502 4156; x_wconf 84' lang='lat' dir='ltr'><strong>feria</strong></span> <span class='ocrx_word' id='word_1_249' title='bbox 1550 4092 1841 4157; x_wconf 85' lang='lat' dir='ltr'><strong>secunda</strong></span> <span class='ocrx_word' id='word_1_250' title='bbox 1886 4089 2060 4156; x_wconf 80' lang='lat' dir='ltr'><strong>infra</strong></span> <span class='ocrx_word' id='word_1_251' title='bbox 2093 4094 2370 4155; x_wconf 84' lang='lat' dir='ltr'><strong>octavas</strong></span> <span class='ocrx_word' id='word_1_252' title='bbox 2402 4085 2699 4168; x_wconf 86' lang='lat' dir='ltr'><strong>corporis</strong></span> 
     </span>
     <span class='ocr_line' id='line_1_35' title="bbox 354 4190 588 4261; baseline 0.026 -7"><span class='ocrx_word' id='word_1_253' title='bbox 354 4190 588 4261; x_wconf 71' lang='lat' dir='ltr'><strong>Christi.</strong></span> 
     </span>
    </p>

    <p class='ocr_par' dir='ltr' id='par_1_13' title="bbox 538 4329 2697 4421">
     <span class='ocr_line' id='line_1_36' title="bbox 538 4329 2697 4421; baseline -0.005 -17"><span class='ocrx_word' id='word_1_254' title='bbox 538 4334 646 4419; x_wconf 83' lang='lat' dir='ltr'><strong>(A.</strong></span> <span class='ocrx_word' id='word_1_255' title='bbox 666 4335 757 4405; x_wconf 90' lang='lat' dir='ltr'><strong>K.</strong></span> <span class='ocrx_word' id='word_1_256' title='bbox 779 4374 862 4385; x_wconf 88' lang='lat'><strong>··-</strong></span> <span class='ocrx_word' id='word_1_257' title='bbox 880 4334 1099 4421; x_wconf 68' lang='lat' dir='ltr'><strong>Chytil</strong></span> <span class='ocrx_word' id='word_1_258' title='bbox 1135 4334 1266 4400; x_wconf 90' lang='lat' dir='ltr'><strong><em>VII.</em></strong></span> <span class='ocrx_word' id='word_1_259' title='bbox 1291 4337 1440 4401; x_wconf 83' lang='lat'><strong><em>414.</em></strong></span> <span class='ocrx_word' id='word_1_260' title='bbox 1461 4372 1542 4383; x_wconf 90' lang='lat'><strong>--</strong></span> <span class='ocrx_word' id='word_1_261' title='bbox 1565 4334 1810 4399; x_wconf 60' lang='lat' dir='ltr'><strong>Gra-nh.</strong></span> <span class='ocrx_word' id='word_1_262' title='bbox 1834 4334 1883 4401; x_wconf 91' lang='lat' dir='ltr'><strong>I.</strong></span> <span class='ocrx_word' id='word_1_263' title='bbox 1904 4333 2047 4397; x_wconf 88' lang='lat'><em>160.</em></span> <span class='ocrx_word' id='word_1_264' title='bbox 2068 4370 2151 4381; x_wconf 92' lang='lat'><em>-</em></span> <span class='ocrx_word' id='word_1_265' title='bbox 2170 4330 2329 4394; x_wconf 80' lang='lat' dir='ltr'><strong>Eml.</strong></span> <span class='ocrx_word' id='word_1_266' title='bbox 2349 4330 2461 4395; x_wconf 90' lang='lat' dir='ltr'><strong>IV.</strong></span> <span class='ocrx_word' id='word_1_267' title='bbox 2480 4329 2697 4416; x_wconf 84' lang='grc'><strong>1132.)</strong></span> 
     </span>
    </p>
   </div>
  </div>
 </body>
</html>
