3288 4973
1290 354 1682 417 —159—

484 560 633 644 Quo
680 560 963 626 termino
1028 560 1343 627 veniente
1390 564 1463 625 et
1506 560 1812 643 partibus
1875 558 2240 641 praedictis
2299 560 2494 625 nobis
2557 579 2674 642 pro

290 662 598 730 tribunali
652 663 1043 731 sedentibus
1106 663 1556 747 personaliter
1619 682 1840 733 coram
1897 662 2086 729 nobis
2134 666 2674 747 conparentibus,

286 768 575 844 quaestio
654 771 931 835 suborta
994 774 1143 835 erat
1204 770 1383 835 inter
1458 770 1639 851 ipsas
1717 772 1963 852 partes,
2026 786 2152 848 quo
2213 768 2377 851 iure,
2437 773 2668 850 utpote

286 872 628 950 polonicali
676 878 793 939 aut
838 872 1101 957 feodali,
1148 874 1329 940 dicta
1383 876 1688 953 quaestio
1735 872 2038 955 tractari,
2093 872 2341 955 agitari
2390 873 2670 939 deberet

284 982 345 1037 et
384 976 580 1059 finiri,
626 978 1087 1045 asserentibus
1134 978 1501 1061 praedictis
1547 979 1852 1061 ducibuS‚
1883 978 2056 1058 quod
2090 995 2235 1042 cum
2269 976 2398 1059 ipsi
2430 976 2664 1044 Poloni

284 1086 497 1147 essent
544 1086 615 1147 et
660 1080 849 1149 iuxta
900 1081 1381 1149 continentiam
1439 1083 1821 1149 litterarum
1879 1086 2260 1148 nostrarum
2319 1080 2484 1163 ipsis
2551 1081 2664 1147 du-

283 1184 451 1251 cibus
524 1185 633 1252 ius
699 1186 1075 1268 polonicale
1135 1186 1205 1253 in
1270 1188 1407 1255 suis
1473 1190 1824 1253 dumtaxat
1891 1185 2094 1254 terris
2158 1187 2530 1252 habendum
2599 1190 2670 1250 et

282 1292 709 1357 exercendum
757 1292 1186 1373 dedissemus
1253 1310 1365 1358 eos
1428 1293 1493 1357 in
1558 1290 1762 1358 dictis
1825 1291 2330 1372 quaestionibus
2395 1290 2462 1355 in
2524 1290 2668 1355 iure

279 1393 641 1477 polonicali,
690 1400 759 1462 et
804 1413 934 1461 non
980 1394 1243 1478 feodali,
1306 1414 1710 1463 conservare
1759 1401 1829 1463 et
1874 1396 2233 1461 secundum
2295 1393 2664 1475 polonicale

280 1495 368 1562 ius
433 1517 553 1564 eos
618 1498 871 1581 audire,
933 1498 1243 1567 decidere
1304 1505 1375 1565 et
1436 1499 1726 1567 diffinire
1789 1502 2215 1579 deberemus3
2276 1501 2442 1565 duce
2501 1517 2662 1565 vero

280 1600 537 1669 Nicolao
602 1622 640 1669 e
684 1604 1020 1670 contrario
1087 1610 1436 1671 asserente
1498 1612 1569 1671 et
1622 1605 1981 1687 allegante,
2053 1605 2228 1684 quod
2289 1620 2436 1668 cum
2497 1602 2661 1669 dicti

279 1707 465 1774 duces
516 1714 747 1775 essent
790 1708 1033 1775 vasalli
1080 1714 1149 1773 et
1188 1706 1547 1775 feodatarii
1578 1709 1814 1793 nostri,
1847 1708 2150 1789 idemque
2183 1708 2316 1774 dux
2346 1706 2660 1773 Nicolaus

278 1816 440 1877 esset
483 1810 784 1881 vasallus
830 1818 901 1879 et
944 1812 1363 1879 feudatarius
1410 1819 1658 1898 noster,
1703 1814 1836 1895 ipsi
1881 1831 2142 1894 quoque
2191 1814 2392 1878 duces
2452 1828 2658 1892 super

276 1916 507 1983 ducatu
551 1918 633 1983 R.
680 1922 749 1984 et
796 1934 999 1999 snper
1044 1918 1331 1984 caeteris
1380 1919 1602 2001 terrm,
1650 1924 1724 1984 ut
1767 1918 2197 2000 praedicitur,
2242 1917 2354 1996 qui
2387 1916 2652 1996 inquam

276 2020 543 2089 ducatus
591 2040 893 2103 quaeque
937 2028 1163 2089 terrae
1210 2030 1440 2091 essent
1484 2022 1681 2089 feoda
1726 2030 1974 2106 nostra,
2006 2029 2321 2102 tanquam
2357 2020 2501 2087 veri
2533 2021 2648 2085 do-

282 2126 425 2192 mini
468 2125 650 2193 feodi
698 2132 769 2193 et
815 2126 1097 2211 patroni,
1142 2146 1299 2211 ergo
1334 2129 1511 2195 inter
1540 2132 1774 2209 partes
1808 2127 2191 2210 praedictas
2221 2142 2422 2206 super
2452 2127 2652 2191 rebus

274 2228 627 2297 feodalibus
671 2250 802 2298 non
849 2232 1220 2313 polonicali,
1264 2234 1381 2299 sed
1427 2231 1674 2299 feodali
1731 2234 1875 2299 iure
1933 2249 2082 2297 esse
2130 2230 2637 2314 procedendum,

275 2330 388 2418 (et)
450 2335 607 2415 quia
652 2337 935 2402 ducatus
982 2336 1061 2403 R.
1109 2342 1179 2403 et
1240 2341 1554 2404 caeterae
1611 2340 1838 2402 terrae
1898 2334 1967 2402 in
2033 2335 2506 2416 quaestionem,
2567 2340 2642 2401 ut

276 2439 683 2524 praedicitur,
760 2441 1089 2508 deductae
1162 2460 1292 2508 non
1358 2440 1536 2508 infra
1603 2440 1850 2508 limites
1920 2443 2252 2506 terrarum
2320 2439 2642 2505 dictorum

277 2544 511 2628 ducum,
556 2547 677 2610 sed
722 2548 843 2612 sub
890 2551 1184 2612 nostrae
1216 2546 1589 2612 maiestatis
1652 2545 1912 2610 dicione
1976 2549 2294 2624 tanquam
2354 2545 2648 2626 speciale

275 2648 603 2715 dominium
650 2655 720 2714 et
764 2649 1151 2716 honorabile
1193 2649 1475 2735 feodum,
1505 2649 1755 2716 illustri
1788 2665 2115 2732 personae
2145 2649 2498 2716 dumtaxat
2529 2651 2640 2714 de-

274 2751 480 2836 bitum,
508 2751 831 2821 distincta
874 2759 1361 2838 permanerent,
1417 2755 1562 2836 ipse
1610 2772 1867 2837 quoque
1915 2755 2046 2818 dux
2091 2753 2404 2820 Nicolaus
2452 2759 2636 2820 esset

276 2874 405 2922 cum
448 2858 747 2925 omnibus
792 2860 994 2925 terris
1041 2859 1179 2926 suis
1228 2862 1308 2925 de
1354 2859 1497 2926 foro
1552 2865 1783 2926 nostro
1845 2857 2106 2941 feodali,
2171 2865 2238 2925 et
2299 2877 2446 2926 curn
2509 2860 2638 2941 ipsi

276 2961 457 3028 duces
503 2964 639 3030 sint
682 2969 951 3031 actores
1000 2969 1234 3030 contra
1280 2983 1445 3048 eum,
1494 2963 1635 3031 eius
1681 2964 1888 3031 forum
1944 2968 2175 3043 utpote
2235 2961 2514 3046 feodale‚
2572 2969 2642 3028 et

270 3083 386 3130 non
429 3066 565 3149 ipse
611 3070 743 3134 dux
788 3067 1101 3135 Nicolaus
1145 3071 1381 3134 ducum
1414 3069 1925 3152 praedictorum,
1970 3071 2205 3146 utpote
2255 3048 2642 3150 polonicale,

274 3170 441 3250 sequi
491 3174 813 3239 deberent
861 3176 928 3241 et
976 3176 1390 3240 tenerentur.

462 3275 591 3342 Nos
658 3277 1004 3361 siquidem,
1064 3296 1191 3358 quo
1252 3280 1395 3344 iure
1457 3276 1950 3358 praedictorum
2011 3278 2244 3344 merito
2307 3277 2378 3343 in
2437 3295 2641 3342 causa

278 3379 593 3459 praedicta
648 3385 1169 3466 procederemuS,
1228 3382 1455 3448 multis
1500 3383 1905 3450 tractatibus
1965 3381 2398 3464 praehabitis,
2460 3381 2640 3447 inter

276 3481 435 3562 ipsas
496 3493 721 3567 partes
781 3487 1081 3556 invenire
1140 3507 1271 3553 non
1317 3488 1643 3570 valentes,
1690 3489 1956 3553 tandem
2005 3506 2149 3554 cum
2204 3487 2634 3569 principibus,

278 3593 665 3671 magnatibus
712 3597 782 3658 et
825 3593 1183 3659 baronibus
1232 3593 1654 3672 caeterisque
1699 3591 2029 3659 nobilibus
2085 3593 2317 3676 locum,
2376 3591 2444 3656 in
2508 3609 2634 3671 quo

278 3710 376 3772 pro
431 3697 743 3763 tribunali
800 3699 1213 3782 sedebamuS,
1281 3702 1633 3780 mutantes
1695 3716 1815 3763 nos
1862 3697 2077 3763 locum
2132 3697 2505 3779 recepimus
2567 3696 2634 3760 in

276 3805 659 3878 sequestrum
713 3805 784 3868 et
829 3819 870 3867 a
916 3801 1195 3885 singulis
1252 3821 1368 3884 pro
1430 3811 1710 3882 utraque
1773 3803 2064 3882 partium
2135 3801 2627 3885 praedictarum

276 3899 531 3969 inductis
578 3907 1044 3990 quaesivimus
1089 3906 1245 3986 quid
1290 3903 1566 3971 cuilibet
1631 3923 1855 3971 eorum
1917 3907 2263 3974 videretur
2323 3907 2391 3972 in
2451 3895 2634 3972 dicta

276 4009 631 4084 quaestione
700 4012 891 4077 iuxta
958 4029 1055 4094 ea,
1122 4027 1291 4093 quae
1353 4010 1702 4092 praedicta
1763 4017 1935 4095 sunt,
1998 4013 2216 4095 potius
2279 4010 2631 4093 polonicali

278 4129 444 4189 quam
470 4111 706 4180 feodali
736 4115 883 4180 iure
914 4113 1088 4181 foret
1120 4116 1608 4198 procedendum
1629 4113 1663 4178 ⁴?
1695 4115 1786 4179 Et
1818 4115 1976 4182 licet
2005 4117 2358 4182 multitudo
2391 4133 2630 4198 magna

280 4217 734 4304 venerabilium,
780 4219 1155 4304 illustrium,
1222 4221 1654 4303 ingenuorum
1700 4227 1770 4286 et
1822 4220 2137 4289 nobilium
2199 4239 2631 4304 personarum

285 4320 601 4399 petitiones
672 4329 742 4390 et
804 4324 1241 4407 allegationes
1305 4325 1493 4391 ducis
1552 4324 1812 4391 Nicolai
1873 4325 2253 4407 praedictas
2315 4332 2632 4406 tanquam
