<?xml version="1.0" encoding="UTF-8"?>
<!DOCTYPE html PUBLIC "-//W3C//DTD XHTML 1.0 Transitional//EN"
    "http://www.w3.org/TR/xhtml1/DTD/xhtml1-transitional.dtd">
<html xmlns="http://www.w3.org/1999/xhtml" xml:lang="en" lang="en">
 <head>
  <title>
</title>
<meta http-equiv="Content-Type" content="text/html;charset=utf-8" />
  <meta name='ocr-system' content='tesseract 3.04.00' />
  <meta name='ocr-capabilities' content='ocr_page ocr_carea ocr_par ocr_line ocrx_word'/>
</head>
<body>
  <div class='ocr_page' id='page_1' title='image "./codexjurisbohem00bohegoog_0234.png"; bbox 0 0 3288 4973; ppageno 0'>
   <div class='ocr_carea' id='block_1_1' title="bbox 1556 371 1946 431">
    <p class='ocr_par' dir='ltr' id='par_1_1' title="bbox 1556 371 1946 431">
     <span class='ocr_line' id='line_1_1' title="bbox 1556 371 1946 431; baseline 0 0"><span class='ocrx_word' id='word_1_1' title='bbox 1556 371 1946 431; x_wconf 79' lang='lat'>—220—</span> 
     </span>
    </p>
   </div>
   <div class='ocr_carea' id='block_1_2' title="bbox 2695 2 3202 531">
    <p class='ocr_par' dir='ltr' id='par_1_2' title="bbox 2695 2 3202 531">
     <span class='ocr_line' id='line_1_2' title="bbox 2695 2 3202 531; baseline 0 4442"><span class='ocrx_word' id='word_1_2' title='bbox 2695 2 3202 531; x_wconf 95' lang='lat' dir='ltr'><strong> </strong></span> 
     </span>
    </p>
   </div>
   <div class='ocr_carea' id='block_1_3' title="bbox 544 570 2924 1178">
    <p class='ocr_par' dir='ltr' id='par_1_3' title="bbox 544 570 2924 1178">
     <span class='ocr_line' id='line_1_3' title="bbox 545 570 2920 656; baseline 0.001 -19"><span class='ocrx_word' id='word_1_3' title='bbox 545 570 824 655; x_wconf 81' lang='lat' dir='ltr'><strong>juribus,</strong></span> <span class='ocrx_word' id='word_1_4' title='bbox 870 572 1216 654; x_wconf 78' lang='lat' dir='ltr'><strong>fructibuS,</strong></span> <span class='ocrx_word' id='word_1_5' title='bbox 1262 574 1672 641; x_wconf 77' lang='lat' dir='ltr'><strong>utilitatibus</strong></span> <span class='ocrx_word' id='word_1_6' title='bbox 1718 580 1789 640; x_wconf 88' lang='lat' dir='ltr'><strong>et</strong></span> <span class='ocrx_word' id='word_1_7' title='bbox 1829 572 2254 656; x_wconf 87' lang='lat' dir='ltr'><strong>pertinentiis</strong></span> <span class='ocrx_word' id='word_1_8' title='bbox 2287 572 2638 654; x_wconf 80' lang='lat' dir='ltr'><strong>universiS,</strong></span> <span class='ocrx_word' id='word_1_9' title='bbox 2668 573 2920 653; x_wconf 87' lang='lat' dir='ltr'><strong>quibus-</strong></span> 
     </span>
     <span class='ocr_line' id='line_1_4' title="bbox 552 676 2924 761; baseline 0 -19"><span class='ocrx_word' id='word_1_10' title='bbox 552 695 812 757; x_wconf 85' lang='lat' dir='ltr'><strong>cunque</strong></span> <span class='ocrx_word' id='word_1_11' title='bbox 858 676 1232 744; x_wconf 89' lang='lat' dir='ltr'><strong>nominibus</strong></span> <span class='ocrx_word' id='word_1_12' title='bbox 1278 684 1700 761; x_wconf 78' lang='lat' dir='ltr'><strong>censeantur,</strong></span> <span class='ocrx_word' id='word_1_13' title='bbox 1751 686 1948 761; x_wconf 89' lang='lat' dir='ltr'><strong>prout</strong></span> <span class='ocrx_word' id='word_1_14' title='bbox 1991 682 2076 745; x_wconf 89' lang='lat' dir='ltr'><strong>ad</strong></span> <span class='ocrx_word' id='word_1_15' title='bbox 2121 698 2244 744; x_wconf 89' lang='lat' dir='ltr'><strong>nos</strong></span> <span class='ocrx_word' id='word_1_16' title='bbox 2279 696 2320 743; x_wconf 88' lang='lat' dir='ltr'><strong>a</strong></span> <span class='ocrx_word' id='word_1_17' title='bbox 2351 678 2598 743; x_wconf 85' lang='lat' dir='ltr'><strong>nostris</strong></span> <span class='ocrx_word' id='word_1_18' title='bbox 2631 678 2924 761; x_wconf 87' lang='lat' dir='ltr'><strong>progeni·</strong></span> 
     </span>
     <span class='ocr_line' id='line_1_5' title="bbox 550 782 2924 863; baseline 0 -18"><span class='ocrx_word' id='word_1_19' title='bbox 550 782 807 848; x_wconf 89' lang='lat' dir='ltr'><strong>toribus</strong></span> <span class='ocrx_word' id='word_1_20' title='bbox 882 788 1333 863; x_wconf 88' lang='lat' dir='ltr'><strong>pervenerunt</strong></span> <span class='ocrx_word' id='word_1_21' title='bbox 1408 788 1479 848; x_wconf 88' lang='lat' dir='ltr'><strong>et</strong></span> <span class='ocrx_word' id='word_1_22' title='bbox 1552 783 1728 849; x_wconf 91' lang='lat' dir='ltr'><strong>sicut</strong></span> <span class='ocrx_word' id='word_1_23' title='bbox 1805 785 2033 849; x_wconf 87' lang='lat' dir='ltr'><strong>eadem</strong></span> <span class='ocrx_word' id='word_1_24' title='bbox 2107 784 2449 863; x_wconf 88' lang='lat' dir='ltr'><strong>hucusque</strong></span> <span class='ocrx_word' id='word_1_25' title='bbox 2531 782 2924 848; x_wconf 84' lang='lat' dir='ltr'><strong>dinoscimur</strong></span> 
     </span>
     <span class='ocr_line' id='line_1_6' title="bbox 550 886 2918 971; baseline 0.001 -21"><span class='ocrx_word' id='word_1_26' title='bbox 550 886 943 968; x_wconf 78' lang='lat' dir='ltr'><strong>possedisse,</strong></span> <span class='ocrx_word' id='word_1_27' title='bbox 990 904 1109 969; x_wconf 89' lang='lat' dir='ltr'><strong>pro</strong></span> <span class='ocrx_word' id='word_1_28' title='bbox 1155 894 1306 953; x_wconf 90' lang='lat' dir='ltr'><strong>octo</strong></span> <span class='ocrx_word' id='word_1_29' title='bbox 1352 887 1639 954; x_wconf 90' lang='lat' dir='ltr'><strong>millibus</strong></span> <span class='ocrx_word' id='word_1_30' title='bbox 1685 906 2054 955; x_wconf 89' lang='lat' dir='ltr'><strong>marcarum</strong></span> <span class='ocrx_word' id='word_1_31' title='bbox 2103 906 2476 971; x_wconf 87' lang='lat' dir='ltr'><strong>grossorum</strong></span> <span class='ocrx_word' id='word_1_32' title='bbox 2509 886 2918 953; x_wconf 83' lang='lat' dir='ltr'><strong>denariorum</strong></span> 
     </span>
     <span class='ocr_line' id='line_1_7' title="bbox 550 989 2922 1077; baseline 0.001 -24"><span class='ocrx_word' id='word_1_33' title='bbox 550 989 985 1072; x_wconf 84' lang='lat' dir='ltr'><strong>Pragensium</strong></span> <span class='ocrx_word' id='word_1_34' title='bbox 1033 991 1317 1071; x_wconf 89' lang='lat' dir='ltr'><strong>polonici</strong></span> <span class='ocrx_word' id='word_1_35' title='bbox 1364 992 1751 1077; x_wconf 89' lang='lat' dir='ltr'><strong>pagamenti</strong></span> <span class='ocrx_word' id='word_1_36' title='bbox 1811 992 1940 1057; x_wconf 91' lang='lat' dir='ltr'><strong>rite</strong></span> <span class='ocrx_word' id='word_1_37' title='bbox 2003 996 2073 1056; x_wconf 90' lang='lat' dir='ltr'><strong>et</strong></span> <span class='ocrx_word' id='word_1_38' title='bbox 2131 990 2627 1059; x_wconf 83' lang='lat' dir='ltr'><strong>rationabiliter</strong></span> <span class='ocrx_word' id='word_1_39' title='bbox 2669 990 2922 1056; x_wconf 89' lang='lat' dir='ltr'><strong>nomine</strong></span> 
     </span>
     <span class='ocr_line' id='line_1_8' title="bbox 544 1092 2918 1178; baseline 0.001 -20"><span class='ocrx_word' id='word_1_40' title='bbox 544 1092 844 1175; x_wconf 87' lang='lat' dir='ltr'><strong>pignoris</strong></span> <span class='ocrx_word' id='word_1_41' title='bbox 939 1093 1375 1178; x_wconf 83' lang='lat' dir='ltr'><strong>obligavimus</strong></span> <span class='ocrx_word' id='word_1_42' title='bbox 1466 1102 1537 1161; x_wconf 87' lang='lat' dir='ltr'><strong>et</strong></span> <span class='ocrx_word' id='word_1_43' title='bbox 1626 1098 1708 1162; x_wconf 92' lang='lat' dir='ltr'><strong>de</strong></span> <span class='ocrx_word' id='word_1_44' title='bbox 1799 1102 1986 1161; x_wconf 88' lang='lat' dir='ltr'><strong>certa</strong></span> <span class='ocrx_word' id='word_1_45' title='bbox 2077 1095 2362 1161; x_wconf 90' lang='lat' dir='ltr'><strong>scientia</strong></span> <span class='ocrx_word' id='word_1_46' title='bbox 2457 1096 2918 1176; x_wconf 86' lang='lat' dir='ltr'><strong>praesentibus</strong></span> 
     </span>
    </p>
   </div>
   <div class='ocr_carea' id='block_1_4' title="bbox 545 1198 932 1283">
    <p class='ocr_par' dir='ltr' id='par_1_4' title="bbox 545 1198 932 1283">
     <span class='ocr_line' id='line_1_9' title="bbox 545 1198 932 1283; baseline 0.005 -19"><span class='ocrx_word' id='word_1_47' title='bbox 545 1198 932 1283; x_wconf 81' lang='lat' dir='ltr'><strong>obligamus,</strong></span> 
     </span>
    </p>
   </div>
   <div class='ocr_carea' id='block_1_5' title="bbox 534 1321 2958 2556">
    <p class='ocr_par' dir='ltr' id='par_1_5' title="bbox 534 1321 2958 2556">
     <span class='ocr_line' id='line_1_10' title="bbox 754 1321 2920 1405; baseline 0 -18"><span class='ocrx_word' id='word_1_48' title='bbox 754 1321 1030 1405; x_wconf 86' lang='lat' dir='ltr'><strong>Taliter,</strong></span> <span class='ocrx_word' id='word_1_49' title='bbox 1104 1325 1279 1403; x_wconf 89' lang='lat' dir='ltr'><strong>quod</strong></span> <span class='ocrx_word' id='word_1_50' title='bbox 1354 1326 1435 1389; x_wconf 90' lang='lat' dir='ltr'><strong>de</strong></span> <span class='ocrx_word' id='word_1_51' title='bbox 1512 1330 1736 1390; x_wconf 87' lang='lat' dir='ltr'><strong>castro</strong></span> <span class='ocrx_word' id='word_1_52' title='bbox 1812 1324 2151 1405; x_wconf 84' lang='lat' dir='ltr'><strong>praedicto</strong></span> <span class='ocrx_word' id='word_1_53' title='bbox 2227 1322 2369 1389; x_wconf 85' lang='lat' dir='ltr'><strong>Gor</strong></span> <span class='ocrx_word' id='word_1_54' title='bbox 2439 1324 2768 1389; x_wconf 85' lang='lat' dir='ltr'><strong>duntaxat</strong></span> <span class='ocrx_word' id='word_1_55' title='bbox 2839 1322 2920 1388; x_wconf 81' lang='lat' dir='ltr'><strong>ad</strong></span> 
     </span>
     <span class='ocr_line' id='line_1_11' title="bbox 544 1425 2922 1509; baseline 0 -19"><span class='ocrx_word' id='word_1_56' title='bbox 544 1444 863 1507; x_wconf 88' lang='lat' dir='ltr'><strong>praesens</strong></span> <span class='ocrx_word' id='word_1_57' title='bbox 910 1426 1039 1494; x_wconf 89' lang='lat' dir='ltr'><strong>sibi</strong></span> <span class='ocrx_word' id='word_1_58' title='bbox 1079 1428 1400 1494; x_wconf 85' lang='lat' dir='ltr'><strong>cessimus</strong></span> <span class='ocrx_word' id='word_1_59' title='bbox 1446 1435 1517 1494; x_wconf 88' lang='lat' dir='ltr'><strong>et</strong></span> <span class='ocrx_word' id='word_1_60' title='bbox 1561 1428 1625 1493; x_wconf 91' lang='lat' dir='ltr'><strong>id</strong></span> <span class='ocrx_word' id='word_1_61' title='bbox 1675 1446 1836 1493; x_wconf 91' lang='lat' dir='ltr'><strong>suae</strong></span> <span class='ocrx_word' id='word_1_62' title='bbox 1884 1427 2278 1493; x_wconf 89' lang='lat' dir='ltr'><strong>tradidimus</strong></span> <span class='ocrx_word' id='word_1_63' title='bbox 2325 1432 2394 1491; x_wconf 85' lang='lat' dir='ltr'><strong>et</strong></span> <span class='ocrx_word' id='word_1_64' title='bbox 2439 1425 2922 1509; x_wconf 83' lang='lat' dir='ltr'><strong>assignavimus</strong></span> 
     </span>
     <span class='ocr_line' id='line_1_12' title="bbox 544 1531 2922 1613; baseline -0 -17"><span class='ocrx_word' id='word_1_65' title='bbox 544 1531 900 1613; x_wconf 82' lang='lat' dir='ltr'><strong>potestati3</strong></span> <span class='ocrx_word' id='word_1_66' title='bbox 946 1532 1293 1599; x_wconf 88' lang='lat' dir='ltr'><strong>civitatem</strong></span> <span class='ocrx_word' id='word_1_67' title='bbox 1339 1550 1498 1598; x_wconf 87' lang='lat' dir='ltr'><strong>vero</strong></span> <span class='ocrx_word' id='word_1_68' title='bbox 1544 1532 1684 1598; x_wconf 85' lang='lat' dir='ltr'><strong>Gor</strong></span> <span class='ocrx_word' id='word_1_69' title='bbox 1729 1551 1874 1599; x_wconf 91' lang='lat' dir='ltr'><strong>cnm</strong></span> <span class='ocrx_word' id='word_1_70' title='bbox 1921 1532 2260 1597; x_wconf 83' lang='lat' dir='ltr'><strong>territorio</strong></span> <span class='ocrx_word' id='word_1_71' title='bbox 2307 1536 2378 1597; x_wconf 87' lang='lat' dir='ltr'><strong>et</strong></span> <span class='ocrx_word' id='word_1_72' title='bbox 2408 1531 2710 1596; x_wconf 89' lang='lat' dir='ltr'><strong>omnibus</strong></span> <span class='ocrx_word' id='word_1_73' title='bbox 2739 1536 2922 1596; x_wconf 86' lang='lat' dir='ltr'><strong>ante-</strong></span> 
     </span>
     <span class='ocr_line' id='line_1_13' title="bbox 540 1632 2916 1719; baseline 0.001 -21"><span class='ocrx_word' id='word_1_74' title='bbox 540 1632 740 1701; x_wconf 87' lang='lat' dir='ltr'><strong>dictis</strong></span> <span class='ocrx_word' id='word_1_75' title='bbox 786 1636 1231 1719; x_wconf 88' lang='lat' dir='ltr'><strong>pertinentiis,</strong></span> <span class='ocrx_word' id='word_1_76' title='bbox 1296 1636 1621 1705; x_wconf 76' lang='lat' dir='ltr'><strong>fructibus</strong></span> <span class='ocrx_word' id='word_1_77' title='bbox 1669 1642 1740 1705; x_wconf 91' lang='lat' dir='ltr'><strong>et</strong></span> <span class='ocrx_word' id='word_1_78' title='bbox 1784 1635 2189 1703; x_wconf 84' lang='lat' dir='ltr'><strong>utilitatibus</strong></span> <span class='ocrx_word' id='word_1_79' title='bbox 2237 1636 2756 1717; x_wconf 87' lang='lat' dir='ltr'><strong>quibuscunque,</strong></span> <span class='ocrx_word' id='word_1_80' title='bbox 2801 1652 2916 1716; x_wconf 86' lang='lat' dir='ltr'><strong>pro</strong></span> 
     </span>
     <span class='ocr_line' id='line_1_14' title="bbox 540 1737 2918 1823; baseline 0.003 -22"><span class='ocrx_word' id='word_1_81' title='bbox 540 1737 722 1804; x_wconf 88' lang='lat' dir='ltr'><strong>vitae</strong></span> <span class='ocrx_word' id='word_1_82' title='bbox 784 1746 1053 1806; x_wconf 90' lang='lat' dir='ltr'><strong>nostrae</strong></span> <span class='ocrx_word' id='word_1_83' title='bbox 1113 1745 1415 1822; x_wconf 88' lang='lat' dir='ltr'><strong>tempora</strong></span> <span class='ocrx_word' id='word_1_84' title='bbox 1474 1742 1556 1806; x_wconf 91' lang='lat' dir='ltr'><strong>de</strong></span> <span class='ocrx_word' id='word_1_85' title='bbox 1608 1741 1894 1823; x_wconf 86' lang='lat' dir='ltr'><strong>praefati</strong></span> <span class='ocrx_word' id='word_1_86' title='bbox 1957 1744 2016 1805; x_wconf 90' lang='lat' dir='ltr'><strong>d.</strong></span> <span class='ocrx_word' id='word_1_87' title='bbox 2071 1738 2472 1806; x_wconf 82' lang='lat' dir='ltr'><strong>marchionis</strong></span> <span class='ocrx_word' id='word_1_88' title='bbox 2522 1740 2604 1807; x_wconf 75' lang='lat' dir='ltr'><strong>M.</strong></span> <span class='ocrx_word' id='word_1_89' title='bbox 2650 1738 2918 1807; x_wconf 88' lang='lat' dir='ltr'><strong>benivo-</strong></span> 
     </span>
     <span class='ocr_line' id='line_1_15' title="bbox 538 1841 2920 1927; baseline 0.002 -21"><span class='ocrx_word' id='word_1_90' title='bbox 538 1841 749 1908; x_wconf 85' lang='lat' dir='ltr'><strong>lentia</strong></span> <span class='ocrx_word' id='word_1_91' title='bbox 794 1848 863 1908; x_wconf 90' lang='lat' dir='ltr'><strong>et</strong></span> <span class='ocrx_word' id='word_1_92' title='bbox 908 1862 1230 1911; x_wconf 88' lang='lat' dir='ltr'><strong>concessu</strong></span> <span class='ocrx_word' id='word_1_93' title='bbox 1278 1846 1421 1911; x_wconf 90' lang='lat' dir='ltr'><strong>sine</strong></span> <span class='ocrx_word' id='word_1_94' title='bbox 1466 1846 1934 1927; x_wconf 81' lang='lat' dir='ltr'><strong>impedimento</strong></span> <span class='ocrx_word' id='word_1_95' title='bbox 1981 1845 2278 1924; x_wconf 87' lang='lat' dir='ltr'><strong>quolibet</strong></span> <span class='ocrx_word' id='word_1_96' title='bbox 2325 1844 2665 1927; x_wconf 84' lang='lat' dir='ltr'><strong>possidere</strong></span> <span class='ocrx_word' id='word_1_97' title='bbox 2727 1846 2920 1911; x_wconf 82' lang='lat' dir='ltr'><strong>debe·</strong></span> 
     </span>
     <span class='ocr_line' id='line_1_16' title="bbox 537 1946 2920 2031; baseline 0 -19"><span class='ocrx_word' id='word_1_98' title='bbox 537 1946 749 2013; x_wconf 89' lang='lat' dir='ltr'><strong>bimus</strong></span> <span class='ocrx_word' id='word_1_99' title='bbox 797 1954 867 2013; x_wconf 92' lang='lat' dir='ltr'><strong>et</strong></span> <span class='ocrx_word' id='word_1_100' title='bbox 912 1953 1161 2031; x_wconf 87' lang='lat' dir='ltr'><strong>tenere,</strong></span> <span class='ocrx_word' id='word_1_101' title='bbox 1210 1952 1328 2017; x_wconf 89' lang='lat' dir='ltr'><strong>sed</strong></span> <span class='ocrx_word' id='word_1_102' title='bbox 1374 1957 1526 2031; x_wconf 89' lang='lat' dir='ltr'><strong>post</strong></span> <span class='ocrx_word' id='word_1_103' title='bbox 1574 1958 1852 2016; x_wconf 88' lang='lat' dir='ltr'><strong>mortem</strong></span> <span class='ocrx_word' id='word_1_104' title='bbox 1907 1954 2202 2016; x_wconf 86' lang='lat' dir='ltr'><strong>nostram</strong></span> <span class='ocrx_word' id='word_1_105' title='bbox 2265 1950 2496 2015; x_wconf 89' lang='lat' dir='ltr'><strong>eadem</strong></span> <span class='ocrx_word' id='word_1_106' title='bbox 2557 1948 2798 2013; x_wconf 86' lang='lat' dir='ltr'><strong>civitas</strong></span> <span class='ocrx_word' id='word_1_107' title='bbox 2851 1953 2920 2013; x_wconf 87' lang='lat' dir='ltr'><strong>et</strong></span> 
     </span>
     <span class='ocr_line' id='line_1_17' title="bbox 536 2051 2920 2137; baseline 0 -21"><span class='ocrx_word' id='word_1_108' title='bbox 536 2056 607 2117; x_wconf 92' lang='lat' dir='ltr'><strong>et</strong></span> <span class='ocrx_word' id='word_1_109' title='bbox 672 2053 1086 2121; x_wconf 86' lang='lat' dir='ltr'><strong>territorium</strong></span> <span class='ocrx_word' id='word_1_110' title='bbox 1154 2072 1299 2120; x_wconf 90' lang='lat' dir='ltr'><strong>cum</strong></span> <span class='ocrx_word' id='word_1_111' title='bbox 1367 2054 1734 2137; x_wconf 90' lang='lat' dir='ltr'><strong>praedictis</strong></span> <span class='ocrx_word' id='word_1_112' title='bbox 1780 2056 2082 2121; x_wconf 88' lang='lat' dir='ltr'><strong>omnibus</strong></span> <span class='ocrx_word' id='word_1_113' title='bbox 2150 2056 2289 2120; x_wconf 90' lang='lat' dir='ltr'><strong>suis</strong></span> <span class='ocrx_word' id='word_1_114' title='bbox 2354 2051 2774 2134; x_wconf 85' lang='lat' dir='ltr'><strong>pertinentiis</strong></span> <span class='ocrx_word' id='word_1_115' title='bbox 2851 2058 2920 2117; x_wconf 88' lang='lat' dir='ltr'><strong>et</strong></span> 
     </span>
     <span class='ocr_line' id='line_1_18' title="bbox 534 2156 2916 2239; baseline -0 -17"><span class='ocrx_word' id='word_1_116' title='bbox 534 2156 885 2238; x_wconf 87' lang='lat' dir='ltr'><strong>appendiis</strong></span> <span class='ocrx_word' id='word_1_117' title='bbox 949 2160 1037 2225; x_wconf 87' lang='lat' dir='ltr'><strong>ad</strong></span> <span class='ocrx_word' id='word_1_118' title='bbox 1101 2160 1511 2239; x_wconf 86' lang='lat' dir='ltr'><strong>praedictum</strong></span> <span class='ocrx_word' id='word_1_119' title='bbox 1582 2160 1888 2226; x_wconf 88' lang='lat' dir='ltr'><strong>Carolum</strong></span> <span class='ocrx_word' id='word_1_120' title='bbox 1955 2158 2400 2225; x_wconf 88' lang='lat' dir='ltr'><strong>marchionem</strong></span> <span class='ocrx_word' id='word_1_121' title='bbox 2469 2157 2571 2235; x_wconf 66' lang='lat' dir='ltr'><strong>M„</strong></span> <span class='ocrx_word' id='word_1_122' title='bbox 2635 2158 2916 2221; x_wconf 87' lang='lat' dir='ltr'><strong>heredes</strong></span> 
     </span>
     <span class='ocr_line' id='line_1_19' title="bbox 537 2261 2914 2343; baseline -0 -17"><span class='ocrx_word' id='word_1_123' title='bbox 537 2264 607 2326; x_wconf 89' lang='lat' dir='ltr'><strong>et</strong></span> <span class='ocrx_word' id='word_1_124' title='bbox 652 2279 1075 2329; x_wconf 87' lang='lat' dir='ltr'><strong>successores</strong></span> <span class='ocrx_word' id='word_1_125' title='bbox 1120 2282 1275 2330; x_wconf 90' lang='lat' dir='ltr'><strong>suos</strong></span> <span class='ocrx_word' id='word_1_126' title='bbox 1307 2265 1454 2328; x_wconf 88' lang='lat' dir='ltr'><strong>sine</strong></span> <span class='ocrx_word' id='word_1_127' title='bbox 1500 2262 1900 2330; x_wconf 84' lang='lat' dir='ltr'><strong>difficultate</strong></span> <span class='ocrx_word' id='word_1_128' title='bbox 1961 2263 2258 2343; x_wconf 88' lang='lat' dir='ltr'><strong>qualibet</strong></span> <span class='ocrx_word' id='word_1_129' title='bbox 2318 2269 2388 2327; x_wconf 92' lang='lat' dir='ltr'><strong>et</strong></span> <span class='ocrx_word' id='word_1_130' title='bbox 2447 2263 2694 2342; x_wconf 82' lang='lat' dir='ltr'><strong>absque</strong></span> <span class='ocrx_word' id='word_1_131' title='bbox 2753 2261 2914 2327; x_wconf 89' lang='lat' dir='ltr'><strong>resi-</strong></span> 
     </span>
     <span class='ocr_line' id='line_1_20' title="bbox 537 2364 2914 2452; baseline 0 -23"><span class='ocrx_word' id='word_1_132' title='bbox 537 2366 789 2431; x_wconf 87' lang='lat' dir='ltr'><strong>stentia</strong></span> <span class='ocrx_word' id='word_1_133' title='bbox 835 2384 953 2433; x_wconf 91' lang='lat' dir='ltr'><strong>seu</strong></span> <span class='ocrx_word' id='word_1_134' title='bbox 996 2367 1361 2434; x_wconf 86' lang='lat' dir='ltr'><strong>renitentia</strong></span> <span class='ocrx_word' id='word_1_135' title='bbox 1392 2369 1861 2452; x_wconf 85' lang='lat' dir='ltr'><strong>cujuscunque,</strong></span> <span class='ocrx_word' id='word_1_136' title='bbox 1903 2386 2018 2448; x_wconf 91' lang='lat' dir='ltr'><strong>pro</strong></span> <span class='ocrx_word' id='word_1_137' title='bbox 2053 2366 2414 2449; x_wconf 88' lang='lat' dir='ltr'><strong>praedictis</strong></span> <span class='ocrx_word' id='word_1_138' title='bbox 2447 2371 2596 2433; x_wconf 86' lang='lat' dir='ltr'><strong>octo</strong></span> <span class='ocrx_word' id='word_1_139' title='bbox 2629 2364 2914 2431; x_wconf 89' lang='lat' dir='ltr'><strong>millibus</strong></span> 
     </span>
     <span class='ocr_line' id='line_1_21' title="bbox 534 2470 2958 2556; baseline 0 -20"><span class='ocrx_word' id='word_1_140' title='bbox 534 2489 901 2538; x_wconf 87' lang='lat' dir='ltr'><strong>marcarum</strong></span> <span class='ocrx_word' id='word_1_141' title='bbox 924 2471 1133 2539; x_wconf 90' lang='lat' dir='ltr'><strong>libere</strong></span> <span class='ocrx_word' id='word_1_142' title='bbox 1164 2470 1428 2538; x_wconf 88' lang='lat' dir='ltr'><strong>nomine</strong></span> <span class='ocrx_word' id='word_1_143' title='bbox 1458 2472 1757 2556; x_wconf 89' lang='lat' dir='ltr'><strong>pignoris</strong></span> <span class='ocrx_word' id='word_1_144' title='bbox 1788 2472 2229 2538; x_wconf 84' lang='lat' dir='ltr'><strong>devolventur</strong></span> <span class='ocrx_word' id='word_1_145' title='bbox 2254 2472 2579 2552; x_wconf 89' lang='lat' dir='ltr'><strong>habenda,</strong></span> <span class='ocrx_word' id='word_1_146' title='bbox 2604 2471 2913 2552; x_wconf 80' lang='lat' dir='ltr'><strong>tenenda,</strong></span> <span class='ocrx_word' id='word_1_147' title='bbox 2951 2493 2958 2504; x_wconf 91' lang='lat'><strong>·</strong></span> 
     </span>
    </p>
   </div>
   <div class='ocr_carea' id='block_1_6' title="bbox 532 2567 1814 2659">
    <p class='ocr_par' dir='ltr' id='par_1_6' title="bbox 532 2567 1814 2659">
     <span class='ocr_line' id='line_1_22' title="bbox 532 2567 1814 2659; baseline 0.002 -19"><span class='ocrx_word' id='word_1_148' title='bbox 532 2574 914 2642; x_wconf 86' lang='lat' dir='ltr'><strong>ntifruenda</strong></span> <span class='ocrx_word' id='word_1_149' title='bbox 960 2581 1029 2642; x_wconf 89' lang='lat' dir='ltr'><strong>et</strong></span> <span class='ocrx_word' id='word_1_150' title='bbox 1076 2577 1347 2658; x_wconf 88' lang='lat' dir='ltr'><strong>pacifice</strong></span> <span class='ocrx_word' id='word_1_151' title='bbox 1395 2567 1814 2659; x_wconf 86' lang='lat' dir='ltr'><strong>possidenda.</strong></span> 
     </span>
    </p>
   </div>
   <div class='ocr_carea' id='block_1_7' title="bbox 522 2697 2911 3716">
    <p class='ocr_par' dir='ltr' id='par_1_7' title="bbox 522 2697 2911 3716">
     <span class='ocr_line' id='line_1_23' title="bbox 738 2697 2907 2782; baseline 0.002 -22"><span class='ocrx_word' id='word_1_152' title='bbox 738 2697 1194 2764; x_wconf 90' lang='lat' dir='ltr'><strong>Promittimus</strong></span> <span class='ocrx_word' id='word_1_153' title='bbox 1258 2703 1427 2765; x_wconf 92' lang='lat' dir='ltr'><strong>bona</strong></span> <span class='ocrx_word' id='word_1_154' title='bbox 1482 2700 1611 2766; x_wconf 90' lang='lat' dir='ltr'><strong>fide</strong></span> <span class='ocrx_word' id='word_1_155' title='bbox 1657 2699 1804 2766; x_wconf 86' lang='lat' dir='ltr'><strong>vice</strong></span> <span class='ocrx_word' id='word_1_156' title='bbox 1852 2704 1921 2765; x_wconf 92' lang='lat' dir='ltr'><strong>et</strong></span> <span class='ocrx_word' id='word_1_157' title='bbox 1968 2699 2226 2764; x_wconf 88' lang='lat' dir='ltr'><strong>nomine</strong></span> <span class='ocrx_word' id='word_1_158' title='bbox 2279 2700 2662 2782; x_wconf 88' lang='lat' dir='ltr'><strong>juramenti,</strong></span> <span class='ocrx_word' id='word_1_159' title='bbox 2719 2717 2907 2780; x_wconf 87' lang='lat' dir='ltr'><strong>prae-</strong></span> 
     </span>
     <span class='ocr_line' id='line_1_24' title="bbox 530 2800 2909 2884; baseline 0.002 -20"><span class='ocrx_word' id='word_1_160' title='bbox 530 2800 667 2866; x_wconf 85' lang='lat' dir='ltr'><strong>fato</strong></span> <span class='ocrx_word' id='word_1_161' title='bbox 715 2802 774 2866; x_wconf 91' lang='lat' dir='ltr'><strong>d.</strong></span> <span class='ocrx_word' id='word_1_162' title='bbox 820 2803 1203 2884; x_wconf 89' lang='lat' dir='ltr'><strong>marchioni,</strong></span> <span class='ocrx_word' id='word_1_163' title='bbox 1250 2803 1608 2870; x_wconf 89' lang='lat' dir='ltr'><strong>heredibus</strong></span> <span class='ocrx_word' id='word_1_164' title='bbox 1657 2811 1728 2869; x_wconf 89' lang='lat' dir='ltr'><strong>et</strong></span> <span class='ocrx_word' id='word_1_165' title='bbox 1772 2802 2270 2869; x_wconf 88' lang='lat' dir='ltr'><strong>successoribus</strong></span> <span class='ocrx_word' id='word_1_166' title='bbox 2315 2803 2455 2869; x_wconf 87' lang='lat' dir='ltr'><strong>suis</strong></span> <span class='ocrx_word' id='word_1_167' title='bbox 2513 2821 2662 2869; x_wconf 90' lang='lat' dir='ltr'><strong>cum</strong></span> <span class='ocrx_word' id='word_1_168' title='bbox 2723 2821 2909 2884; x_wconf 89' lang='lat' dir='ltr'><strong>prae·</strong></span> 
     </span>
     <span class='ocr_line' id='line_1_25' title="bbox 531 2904 2911 2974; baseline 0 -4"><span class='ocrx_word' id='word_1_169' title='bbox 531 2904 752 2971; x_wconf 89' lang='lat' dir='ltr'><strong>dictae</strong></span> <span class='ocrx_word' id='word_1_170' title='bbox 798 2904 1096 2974; x_wconf 86' lang='lat' dir='ltr'><strong>civitatis</strong></span> <span class='ocrx_word' id='word_1_171' title='bbox 1160 2905 1297 2973; x_wconf 83' lang='lat' dir='ltr'><strong>Gor</strong></span> <span class='ocrx_word' id='word_1_172' title='bbox 1354 2925 1477 2972; x_wconf 90' lang='lat' dir='ltr'><strong>nec</strong></span> <span class='ocrx_word' id='word_1_173' title='bbox 1538 2926 1668 2972; x_wconf 93' lang='lat' dir='ltr'><strong>non</strong></span> <span class='ocrx_word' id='word_1_174' title='bbox 1733 2906 2032 2974; x_wconf 80' lang='lat' dir='ltr'><strong>civitatis</strong></span> <span class='ocrx_word' id='word_1_175' title='bbox 2095 2911 2367 2972; x_wconf 89' lang='lat' dir='ltr'><strong>nostrae</strong></span> <span class='ocrx_word' id='word_1_176' title='bbox 2431 2905 2777 2973; x_wconf 88' lang='lat' dir='ltr'><strong>Stinaviae</strong></span> <span class='ocrx_word' id='word_1_177' title='bbox 2835 2924 2911 2972; x_wconf 91' lang='lat' dir='ltr'><strong>ac</strong></span> 
     </span>
     <span class='ocr_line' id='line_1_26' title="bbox 528 3009 2907 3092; baseline 0 -18"><span class='ocrx_word' id='word_1_178' title='bbox 528 3009 811 3075; x_wconf 90' lang='lat' dir='ltr'><strong>omnium</strong></span> <span class='ocrx_word' id='word_1_179' title='bbox 857 3010 1132 3077; x_wconf 86' lang='lat' dir='ltr'><strong>aliarum</strong></span> <span class='ocrx_word' id='word_1_180' title='bbox 1182 3018 1557 3077; x_wconf 89' lang='lat' dir='ltr'><strong>nostrarum</strong></span> <span class='ocrx_word' id='word_1_181' title='bbox 1596 3011 2034 3077; x_wconf 89' lang='lat' dir='ltr'><strong>munitionum</strong></span> <span class='ocrx_word' id='word_1_182' title='bbox 2065 3027 2184 3076; x_wconf 89' lang='lat' dir='ltr'><strong>seu</strong></span> <span class='ocrx_word' id='word_1_183' title='bbox 2217 3009 2692 3078; x_wconf 86' lang='lat' dir='ltr'><strong>fortaliciorum</strong></span> <span class='ocrx_word' id='word_1_184' title='bbox 2725 3029 2907 3092; x_wconf 89' lang='lat' dir='ltr'><strong>aper·</strong></span> 
     </span>
     <span class='ocr_line' id='line_1_27' title="bbox 526 3113 2910 3197; baseline 0 -18"><span class='ocrx_word' id='word_1_185' title='bbox 526 3113 708 3180; x_wconf 89' lang='lat' dir='ltr'><strong>tione</strong></span> <span class='ocrx_word' id='word_1_186' title='bbox 754 3132 849 3179; x_wconf 90' lang='lat' dir='ltr'><strong>ac</strong></span> <span class='ocrx_word' id='word_1_187' title='bbox 881 3115 1052 3180; x_wconf 90' lang='lat' dir='ltr'><strong>omni</strong></span> <span class='ocrx_word' id='word_1_188' title='bbox 1086 3133 1215 3196; x_wconf 84' lang='lat' dir='ltr'><strong>qua</strong></span> <span class='ocrx_word' id='word_1_189' title='bbox 1246 3116 1541 3182; x_wconf 85' lang='lat' dir='ltr'><strong>valemus</strong></span> <span class='ocrx_word' id='word_1_190' title='bbox 1576 3115 1878 3197; x_wconf 87' lang='lat' dir='ltr'><strong>potentia</strong></span> <span class='ocrx_word' id='word_1_191' title='bbox 1911 3121 2144 3180; x_wconf 84' lang='lat' dir='ltr'><strong>contra</strong></span> <span class='ocrx_word' id='word_1_192' title='bbox 2175 3115 2539 3194; x_wconf 89' lang='lat' dir='ltr'><strong>quemlibet</strong></span> <span class='ocrx_word' id='word_1_193' title='bbox 2571 3113 2910 3194; x_wconf 87' lang='lat' dir='ltr'><strong>hominem,</strong></span> 
     </span>
     <span class='ocr_line' id='line_1_28' title="bbox 528 3218 2908 3302; baseline -0 -19"><span class='ocrx_word' id='word_1_194' title='bbox 528 3219 976 3301; x_wconf 91' lang='lat' dir='ltr'><strong>cujuscunque</strong></span> <span class='ocrx_word' id='word_1_195' title='bbox 1046 3218 1635 3302; x_wconf 87' lang='lat' dir='ltr'><strong>praeeminentiae,</strong></span> <span class='ocrx_word' id='word_1_196' title='bbox 1703 3219 2102 3286; x_wconf 88' lang='lat' dir='ltr'><strong>conditionis</strong></span> <span class='ocrx_word' id='word_1_197' title='bbox 2165 3225 2282 3285; x_wconf 84' lang='lat' dir='ltr'><strong>aut</strong></span> <span class='ocrx_word' id='word_1_198' title='bbox 2351 3224 2568 3284; x_wconf 87' lang='lat' dir='ltr'><strong>status</strong></span> <span class='ocrx_word' id='word_1_199' title='bbox 2643 3219 2908 3300; x_wconf 84' lang='lat' dir='ltr'><strong>existat,</strong></span> 
     </span>
     <span class='ocr_line' id='line_1_29' title="bbox 527 3321 2904 3406; baseline 0 -19"><span class='ocrx_word' id='word_1_200' title='bbox 527 3323 727 3387; x_wconf 90' lang='lat' dir='ltr'><strong>etiam</strong></span> <span class='ocrx_word' id='word_1_201' title='bbox 775 3324 833 3389; x_wconf 87' lang='lat' dir='ltr'><strong>si</strong></span> <span class='ocrx_word' id='word_1_202' title='bbox 880 3324 1069 3390; x_wconf 91' lang='lat' dir='ltr'><strong>nobis</strong></span> <span class='ocrx_word' id='word_1_203' title='bbox 1116 3323 1699 3406; x_wconf 88' lang='lat' dir='ltr'><strong>consanguinitate</strong></span> <span class='ocrx_word' id='word_1_204' title='bbox 1745 3325 1853 3390; x_wconf 84' lang='lat' dir='ltr'><strong>vel</strong></span> <span class='ocrx_word' id='word_1_205' title='bbox 1900 3323 2231 3390; x_wconf 86' lang='lat' dir='ltr'><strong>affinitate</strong></span> <span class='ocrx_word' id='word_1_206' title='bbox 2287 3321 2773 3404; x_wconf 87' lang='lat' dir='ltr'><strong>quomodolibet</strong></span> <span class='ocrx_word' id='word_1_207' title='bbox 2817 3323 2904 3388; x_wconf 89' lang='lat' dir='ltr'><strong>sit</strong></span> 
     </span>
     <span class='ocr_line' id='line_1_30' title="bbox 525 3427 2906 3510; baseline -0 -19"><span class='ocrx_word' id='word_1_208' title='bbox 525 3427 866 3510; x_wconf 79' lang='lat' dir='ltr'><strong>astrictuS,</strong></span> <span class='ocrx_word' id='word_1_209' title='bbox 926 3427 1245 3494; x_wconf 87' lang='lat' dir='ltr'><strong>assistere</strong></span> <span class='ocrx_word' id='word_1_210' title='bbox 1314 3435 1386 3494; x_wconf 92' lang='lat' dir='ltr'><strong>et</strong></span> <span class='ocrx_word' id='word_1_211' title='bbox 1454 3428 1744 3494; x_wconf 91' lang='lat' dir='ltr'><strong>fideliter</strong></span> <span class='ocrx_word' id='word_1_212' title='bbox 1804 3429 2192 3509; x_wconf 89' lang='lat' dir='ltr'><strong>adhaerere,</strong></span> <span class='ocrx_word' id='word_1_213' title='bbox 2251 3429 2778 3508; x_wconf 88' lang='lat' dir='ltr'><strong>quandocunque</strong></span> <span class='ocrx_word' id='word_1_214' title='bbox 2839 3433 2906 3492; x_wconf 83' lang='lat' dir='ltr'><strong>et</strong></span> 
     </span>
     <span class='ocr_line' id='line_1_31' title="bbox 524 3530 2901 3614; baseline 0 -18"><span class='ocrx_word' id='word_1_215' title='bbox 524 3531 1049 3613; x_wconf 85' lang='lat' dir='ltr'><strong>quotiescunque</strong></span> <span class='ocrx_word' id='word_1_216' title='bbox 1097 3550 1218 3613; x_wconf 90' lang='lat' dir='ltr'><strong>per</strong></span> <span class='ocrx_word' id='word_1_217' title='bbox 1262 3551 1407 3600; x_wconf 91' lang='lat' dir='ltr'><strong>eum</strong></span> <span class='ocrx_word' id='word_1_218' title='bbox 1454 3539 1586 3599; x_wconf 75' lang='lat' dir='ltr'><strong>aut</strong></span> <span class='ocrx_word' id='word_1_219' title='bbox 1616 3551 1740 3614; x_wconf 89' lang='lat' dir='ltr'><strong>per</strong></span> <span class='ocrx_word' id='word_1_220' title='bbox 1785 3551 1937 3599; x_wconf 88' lang='lat' dir='ltr'><strong>suos</strong></span> <span class='ocrx_word' id='word_1_221' title='bbox 1994 3532 2380 3614; x_wconf 87' lang='lat' dir='ltr'><strong>capitaneos</strong></span> <span class='ocrx_word' id='word_1_222' title='bbox 2428 3533 2536 3598; x_wconf 88' lang='lat' dir='ltr'><strong>vel</strong></span> <span class='ocrx_word' id='word_1_223' title='bbox 2583 3530 2901 3598; x_wconf 86' lang='lat' dir='ltr'><strong>officiatos</strong></span> 
     </span>
     <span class='ocr_line' id='line_1_32' title="bbox 522 3634 1214 3716; baseline 0.004 -16"><span class='ocrx_word' id='word_1_224' title='bbox 522 3634 841 3701; x_wconf 77' lang='lat' dir='ltr'><strong>fuerimus</strong></span> <span class='ocrx_word' id='word_1_225' title='bbox 890 3635 1214 3716; x_wconf 89' lang='lat' dir='ltr'><strong>requisiti.</strong></span> 
     </span>
    </p>
   </div>
   <div class='ocr_carea' id='block_1_8' title="bbox 729 3757 1271 3864">
    <p class='ocr_par' dir='ltr' id='par_1_8' title="bbox 729 3757 1271 3864">
     <span class='ocr_line' id='line_1_33' title="bbox 729 3757 1271 3864; baseline 0.004 -24"><span class='ocrx_word' id='word_1_226' title='bbox 729 3757 808 3841; x_wconf 89' lang='lat' dir='ltr'><strong>In</strong></span> <span class='ocrx_word' id='word_1_227' title='bbox 856 3794 1132 3856; x_wconf 91' lang='lat' dir='ltr'><strong>quorum</strong></span> <span class='ocrx_word' id='word_1_228' title='bbox 1164 3829 1224 3864; x_wconf 33' lang='grc'><strong>.,.</strong></span> <span class='ocrx_word' id='word_1_229' title='bbox 1260 3829 1271 3842; x_wconf 93' lang='grc'><strong>.</strong></span> 
     </span>
    </p>
   </div>
   <div class='ocr_carea' id='block_1_9' title="bbox 520 3948 2892 4137">
    <p class='ocr_par' dir='ltr' id='par_1_9' title="bbox 520 3948 2892 4137">
     <span class='ocr_line' id='line_1_34' title="bbox 726 3948 2892 4032; baseline -0.001 -16"><span class='ocrx_word' id='word_1_230' title='bbox 726 3950 968 4016; x_wconf 88' lang='lat' dir='ltr'><strong>Actum</strong></span> <span class='ocrx_word' id='word_1_231' title='bbox 1014 3955 1082 4016; x_wconf 90' lang='lat' dir='ltr'><strong>et</strong></span> <span class='ocrx_word' id='word_1_232' title='bbox 1115 3951 1339 4016; x_wconf 87' lang='lat' dir='ltr'><strong>datum</strong></span> <span class='ocrx_word' id='word_1_233' title='bbox 1374 3949 1868 4032; x_wconf 87' lang='lat' dir='ltr'><strong>Wratislaviae,</strong></span> <span class='ocrx_word' id='word_1_234' title='bbox 1901 3949 2072 4015; x_wconf 87' lang='lat' dir='ltr'><strong>feria</strong></span> <span class='ocrx_word' id='word_1_235' title='bbox 2103 3949 2390 4031; x_wconf 88' lang='lat' dir='ltr'><strong>septima</strong></span> <span class='ocrx_word' id='word_1_236' title='bbox 2421 3948 2592 4015; x_wconf 74' lang='lat' dir='ltr'><strong>infra</strong></span> <span class='ocrx_word' id='word_1_237' title='bbox 2625 3954 2892 4016; x_wconf 79' lang='lat' dir='ltr'><strong>octavas</strong></span> 
     </span>
     <span class='ocr_line' id='line_1_35' title="bbox 520 4053 1591 4137; baseline 0.002 -16"><span class='ocrx_word' id='word_1_238' title='bbox 520 4053 829 4137; x_wconf 89' lang='lat' dir='ltr'><strong>Corporis</strong></span> <span class='ocrx_word' id='word_1_239' title='bbox 877 4053 1126 4120; x_wconf 87' lang='lat' dir='ltr'><strong>Christi</strong></span> <span class='ocrx_word' id='word_1_240' title='bbox 1172 4073 1229 4119; x_wconf 89' lang='lat' dir='ltr'><strong>a.</strong></span> <span class='ocrx_word' id='word_1_241' title='bbox 1278 4054 1355 4120; x_wconf 93' lang='lat' dir='ltr'><strong>D.</strong></span> <span class='ocrx_word' id='word_1_242' title='bbox 1407 4061 1591 4123; x_wconf 84' lang='lat'>1343.</span> 
     </span>
    </p>
   </div>
   <div class='ocr_carea' id='block_1_10' title="bbox 518 4222 2896 4422">
    <p class='ocr_par' dir='ltr' id='par_1_10' title="bbox 518 4222 2896 4422">
     <span class='ocr_line' id='line_1_36' title="bbox 727 4222 2896 4318; baseline -0.003 -21"><span class='ocrx_word' id='word_1_243' title='bbox 727 4225 849 4314; x_wconf 84' lang='grc' dir='ltr'><strong>(Α.</strong></span> <span class='ocrx_word' id='word_1_244' title='bbox 924 4224 1019 4297; x_wconf 84' lang='grc' dir='ltr'><strong>Κ.</strong></span> <span class='ocrx_word' id='word_1_245' title='bbox 1094 4264 1182 4275; x_wconf 89' lang='grc'>-</span> <span class='ocrx_word' id='word_1_246' title='bbox 1250 4222 1466 4312; x_wconf 73' lang='lat' dir='ltr'><strong>Chytil</strong></span> <span class='ocrx_word' id='word_1_247' title='bbox 1554 4226 1685 4300; x_wconf 81' lang='lat' dir='ltr'><strong><em>VII.</em></strong></span> <span class='ocrx_word' id='word_1_248' title='bbox 1761 4225 1908 4296; x_wconf 84' lang='grc'><em>413.</em></span> <span class='ocrx_word' id='word_1_249' title='bbox 1955 4263 2045 4281; x_wconf 84' lang='lat'><strong>--</strong></span> <span class='ocrx_word' id='word_1_250' title='bbox 2090 4225 2494 4318; x_wconf 72' lang='lat' dir='ltr'><strong>Griinhaqen·</strong></span> <span class='ocrx_word' id='word_1_251' title='bbox 2527 4227 2584 4294; x_wconf 92' lang='lat' dir='ltr'><strong>I.</strong></span> <span class='ocrx_word' id='word_1_252' title='bbox 2631 4227 2770 4294; x_wconf 87' lang='grc'><strong><em>161.</em></strong></span> <span class='ocrx_word' id='word_1_253' title='bbox 2815 4261 2896 4278; x_wconf 72' lang='grc' dir='ltr'><strong>-ν</strong></span> 
     </span>
     <span class='ocr_line' id='line_1_37' title="bbox 518 4329 1116 4422; baseline 0 -27"><span class='ocrx_word' id='word_1_254' title='bbox 518 4329 682 4410; x_wconf 73' lang='grc' dir='ltr'><strong>Επιί.</strong></span> <span class='ocrx_word' id='word_1_255' title='bbox 732 4329 845 4410; x_wconf 81' lang='lat' dir='ltr'><strong>IV.</strong></span> <span class='ocrx_word' id='word_1_256' title='bbox 894 4331 1116 4422; x_wconf 87' lang='grc'><em>1130.)</em></span> 
     </span>
    </p>
   </div>
   <div class='ocr_carea' id='block_1_11' title="bbox 3190 3973 3203 4870">
    <p class='ocr_par' dir='ltr' id='par_1_11' title="bbox 3190 3973 3203 4870">
     <span class='ocr_line' id='line_1_38' title="bbox 3190 3973 3203 4870; baseline 0 0"><span class='ocrx_word' id='word_1_257' title='bbox 3190 3973 3203 4870; x_wconf 95' lang='lat' dir='ltr'><strong> </strong></span> 
     </span>
    </p>
   </div>
  </div>
 </body>
</html>
