3288 4973
1537 402 1887 463 ...μη-.-

727 604 947 671 Μοᾱ10
992 610 1212 671 autem
1259 610 1577 689 tempore,
1623 623 1750 686 quo
1796 601 2170 685 hujusmodi
2202 601 2527 668 discussio
2560 601 2744 666 facta
2775 619 2902 666 non

515 706 736 788 fuerit,
782 709 999 789 ipsum
1045 713 1338 776 castrum
1371 709 1562 777 nobis
1593 727 1715 791 per
1745 707 2123 790 praefatum
2155 707 2523 773 Conradum
2559 706 2642 772 de
2674 703 2903 771 Milein

520 813 628 878 vel
673 811 891 896 alium,
937 832 1130 894 quem
1177 813 1509 881 Henricus
1555 814 1664 881 vel
1710 813 1992 878 heredes
2034 812 2138 876 sui
2172 809 2541 890 saepedicti
2572 809 2643 874 in
2676 811 2903 875 eodem

519 924 741 982 castro
788 915 1216 1000 burgravium
1265 918 1373 984 vel
1430 922 1777 998 rectorem,
1832 913 2205 996 praelibato
2266 912 2549 980 forsitan
2604 913 2905 979 Conrado

518 1039 649 1087 non
695 1028 1022 1103 exstante,
1078 1026 1304 1087 nostro
1368 1021 1628 1087 nomine
1692 1018 2129 1102 instituerint,
2190 1036 2429 1098 parere
2492 1016 2763 1084 debebit
2822 1017 2904 1081 ad

516 1123 888 1191 faciendum
919 1126 1002 1190 de
1034 1125 1177 1205 ipso
1213 1130 1446 1192 contra
1479 1139 1903 1204 quoscunque
1933 1127 2198 1188 nostros
2224 1123 2538 1205 aemulos,
2587 1119 2904 1202 quidquid

517 1229 764 1296 nostris
809 1229 1037 1295 usibus
1084 1229 1423 1295 videbitur
1470 1227 1802 1309 expedire.

726 1332 1280 1399 Promittentibus
1303 1332 1494 1399 nobis
1521 1333 1802 1414 sincere,
1828 1331 2193 1397 Henricum
2218 1335 2287 1396 et
2312 1329 2591 1398 Henrici
2619 1330 2903 1394 heredes

519 1457 600 1503 ac
623 1455 776 1503 suos
802 1437 871 1502 in
895 1438 1264 1520 praelibato
1287 1436 1556 1503 dominii
1580 1435 1805 1502 Plawe
1832 1452 2279 1518 successoreS‚
2296 1441 2617 1514 tanquam
2638 1437 2905 1499 nostros

521 1541 932 1607 feudatarios
979 1547 1049 1606 et
1093 1541 1385 1608 vasallos
1418 1547 1666 1622 nostre,
1699 1541 2015 1606 heredum
2048 1559 2129 1605 ac
2162 1557 2619 1626 successorum
2648 1542 2907 1603 nostro-

517 1664 681 1728 rum,
726 1664 955 1728 regum
1003 1644 1332 1727 Boemiae,
1377 1645 1655 1728 nomine,
1713 1645 1783 1710 in
1833 1645 2140 1710 'omnibus
2188 1644 2317 1710 sibi
2363 1640 2899 1724 competentibus

512 1750 772 1832 juribus
820 1749 1184 1833 magnifice,
1230 1749 1624 1831 disponente
1656 1749 1956 1832 Domin0‚
1992 1766 2390 1815 conservare
2424 1753 2494 1814 et
2524 1748 2609 1813 ab
2642 1745 2907 1828 injuriis

520 1854 965 1933 quorumlibet
1009 1851 1365 1919 defendere
1412 1871 1491 1919 ac
1535 1851 1737 1920 tueri.

729 1957 810 2024 In
855 1957 1040 2040 cujus
1087 1958 1536 2023 testimonium
1587 2009 1598 2022 .
1650 2008 1663 2022 .
1711 2009 1722 2021 .

727 2078 883 2145 Dat.
929 2077 1193 2162 Pragae
1238 2097 1292 2145 a.
1341 2079 1420 2144 D.
1473 2084 1657 2161 1327,
1704 2083 1941 2159 quarto
1986 2076 2146 2142 Idus
2196 2075 2443 2141 Martii.

731 2198 1081 2285 (Inclusum
1143 2201 1460 2284 petitioni
1526 2199 1929 2261 dominorum
1986 2199 2061 2262 de
2126 2197 2336 2261 Plawe
2398 2197 2541 2264 dolo.
2604 2187 2774 2260 '1347
2856 2237 2882 2244 ·

523 2300 732 2367 Pelzel
777 2304 853 2370 K.
902 2301 1067 2367 Karl
1111 2303 1224 2370 IV.
1279 2301 1427 2370 Urla.
1473 2303 1524 2367 I.
1573 2304 1720 2371 102.
1768 2341 1851 2352 —-
1898 2301 2057 2372 Emi.
2104 2302 2221 2369 III.
2268 2301 2490 2388 1287.)

729 2498 836 2563 67.
897 2494 1333 2565 Declaratio
1386 2494 1857 2565 dominorum
1905 2494 1999 2564 dc
2042 2494 2357 2565 Plawen
2404 2512 2634 2581 super
2694 2495 2909 2562 terra

523 2597 961 2670 Plavnensi.

1407 2689 1602 2772 1327,
1648 2689 1757 2755 13.
1805 2686 2024 2756 Mart.

731 2786 863 2879 List'
892 2843 1038 2894 pana
1074 2824 1372 2895 Henrycha
1411 2824 1685 2879 starsieho
1724 2842 1757 2880 a
1794 2841 1943 2893 pana
1980 2826 2278 2892 Henrycha
2315 2824 2635 2893 mladfiielm,
2691 2828 2908 2892 patnuov

526 2928 554 2963 z
595 2912 819 2981 marna,
859 2917 922 2967 ze
961 2916 1024 2967 sti
1061 2928 1120 2967 se
1160 2913 1493 2969 dobrovolne
1529 2912 1550 2966 i
1588 2913 1685 2966 sve
1721 2912 1914 2967 dedice
1952 2930 1987 2969 a
2024 2912 2229 2967 buduci
2250 2911 2357 2979 pod
2382 2912 2660 2968 manstvie
2686 2912 2909 2978 poddali

527 2998 666 3051 krali
705 2999 906 3053 Janovi
945 3001 1204 3055 ceskemu
1239 3001 1257 3053 i
1287 2999 1420 3069 jeho
1461 3000 1709 3054 dedicom
1747 3014 1779 3054 a
1816 3000 2093 3069 budticim,
2130 3000 2343 3054 kralom
2383 3000 2622 3066 ceskym.
2668 3000 2767 3069 (A.
2808 3000 2911 3068 K.)

732 3105 868 3171 Nos
916 3106 1246 3173 Henricus
1295 3106 1520 3172 senior
1565 3108 1650 3172 de
1698 3106 1971 3171 Plawen
2020 3110 2089 3172 et
2135 3106 2278 3172 eius
2327 3105 2519 3189 filius,
2574 3104 2909 3173 Henricus

529 3208 767 3291 senior,
814 3210 1343 3294 recognoscimus
1377 3216 1448 3277 et
1476 3210 1767 3276 fatemur
1798 3215 2030 3276 tenore
2062 3214 2512 3291 praesentium
2544 3211 2896 3297 universiS,

529 3330 647 3376 nos
674 3330 821 3379 esse
847 3314 1136 3380 vasallos
1162 3316 1494 3398 magnifici
1519 3313 1782 3397 domini,
1807 3312 2050 3380 domini
2074 3314 2288 3380 nostri
2311 3317 2358 3381 J
2362 3314 2611 3397 oanniS,
2635 3316 2707 3381 B.
2736 3322 2807 3381 et
2834 3318 2909 3382 P.

529 3416 704 3497 regis
728 3416 1008 3483 illustris
1035 3438 1113 3484 ac
1144 3420 1399 3485 comitis
1425 3420 1518 3503 L.‚
1540 3424 1611 3484 et
1636 3422 1721 3485 ab
1748 3438 1825 3486 eo
1845 3417 2212 3500 principale
2234 3420 2585 3487 dominium
2608 3424 2905 3485 nostrum

529 3521 798 3588 Plawen
875 3542 1018 3588 cum
1093 3522 1234 3588 suis
1313 3524 1787 3590 munitionibus
1866 3529 1935 3589 et
2002 3525 2212 3606 bonis,
2290 3524 2604 3591 videlicet
2680 3528 2905 3590 castro

531 3625 854 3711 Lubente,
930 3626 1356 3694 munitionem
1431 3628 1940 3711 Johansgrune‚
2032 3634 2324 3694 castrum
2414 3628 2913 3713 Schoeneneck,

531 3729 952 3797 munitionem
979 3733 1360 3816 Plonswitz‚
1391 3733 1826 3799 munitionem
1851 3731 2192 3815 Lapidem,
2217 3732 2643 3799 munitionem
2664 3732 2912 3800 dictam

533 3832 740 3899 Tirbil
791 3840 859 3899 et
905 3834 1294 3919 Gratendorf,
1341 3856 1488 3903 cum
1537 3837 1741 3903 etiam
1786 3836 1983 3919 villis,
2053 3835 2425 3903 hominibus
2486 3842 2557 3902 et
2617 3838 2915 3921 vasalliS,

536 3936 852 4004 militibus
916 3941 1002 4005 ad
1069 3940 1248 4021 ipsas
1297 3948 1368 4007 et
1413 3942 1560 4023 ipsa
1629 3941 2095 4022 spectantibus
2158 3959 2237 4006 ac
2298 3941 2447 4006 aliis
2508 3940 2646 4008 suis
2706 3943 2912 4023 perti-

532 4041 778 4108 nentiis
825 4044 1175 4125 universis,
1223 4046 1290 4110 in
1353 4046 1855 4127 quibuscunque
1921 4044 2312 4126 consistant,
2380 4064 2548 4126 quas
2612 4050 2680 4111 et
2741 4064 2916 4126 quae

532 4163 707 4212 nunc
736 4146 1051 4212 habemus
1085 4152 1154 4213 et
1185 4148 1612 4229 imposterum
1647 4168 1871 4215 sumus
1904 4152 1989 4215 ad
2022 4150 2193 4216 idem
2224 4157 2521 4217 nostrum
2555 4150 2915 4239 dominium

532 4267 938 4330 quocumque
982 4251 1175 4318 titulo
1223 4252 1534 4336 habituri,
1603 4261 1852 4336 nostro,
1921 4254 2235 4320 heredum
2303 4274 2383 4322 ac
2449 4272 2910 4321 successorum

529 4357 908 4421 nostrorum
953 4356 1212 4422 nomine
1258 4359 1593 4440 recepisse
1639 4358 1710 4423 in
1752 4357 2019 4424 feudum
2068 4364 2137 4423 et
2190 4362 2273 4425 ab
2338 4360 2480 4441 ipso
2545 4366 2783 4426 tenere
2830 4380 2911 4428 ac
