3288 4973
1517 340 1904 399 —378-—

721 543 872 610 341.
934 541 1231 611 Foedus
1288 539 1660 609 Ludoviei
1719 540 1934 628 regis
1993 539 2431 638 Hungariae
2483 559 2651 609 oum
2709 537 2912 625 regi-

516 646 659 714 bus
706 645 1080 715 Boemiae.
1506 692 1511 697 ·

1270 752 1466 835 1353,
1515 753 1623 819 15.
1675 748 2166 836 Septembris.

723 923 848 977 List
884 922 1143 979 Ludvika
1179 925 1338 978 krale
1373 924 1706 991 uherskeh0‚
1765 926 1967 990 kteryz
2013 938 2072 977 se
2121 922 2392 991 zavazuje
2430 940 2464 977 a
2499 920 2705 975 buddei
2753 919 2911 973 krale

514 1008 751 1064 uherske
788 1010 807 1065 i
846 1013 1061 1065 korunu
1114 1010 1363 1065 uherslni
1416 1026 1489 1064 na.
1544 1012 1778 1065 veonost
1831 1011 2042 1065 kralom
2101 1011 2339 1079 oeskym,
2397 1016 2462 1063 ze
2497 1013 2586 1063 ma
2623 1004 2912 1075 pomalmti

514 1096 659 1149 krali
698 1098 957 1152 &eskemu
994 1112 1068 1151 na
1107 1097 1356 1151 kazdeho
1396 1098 1642 1151 oloveka.

723 1244 1104 1311 Ludovious
1152 1246 1229 1310 D.
1264 1266 1358 1329 gr.
1393 1266 1513 1312 rex
1545 1248 1952 1329 Hungariae,
1985 1254 2209 1313 notum
2243 1246 2522 1312 facimus
2554 1245 2910 1331 universis²

516 1349 684 1428 quod
733 1351 1165 1414 attendentes
1213 1350 1427 1415 intimi
1490 1351 1733 1416 amoris
1793 1352 2215 1435 flagrantiam
2265 1360 2334 1417 et
2383 1370 2586 1431 purae
2648 1349 2911 1415 dileeti-

512 1453 655 1518 onis
682 1450 1008 1535 affectum,
1032 1454 1272 1533 quibus
1299 1455 1790 1520 serenissimum
1823 1456 2210 1537 prinoipem,
2249 1456 2308 1519 d.
2343 1454 2649 1520 Carolum
2682 1471 2908 1536 regem

514 1558 957 1623 Romanorum
1004 1564 1073 1622 et
1122 1558 1531 1641 Boemorum‚
1580 1560 1907 1625 illustrem
1957 1560 2234 1625 fratrem
2281 1568 2577 1624 nostrum
2637 1575 2908 1638 praeca-

512 1662 863 1743 rissimum,
910 1663 1020 1743 pia
1064 1662 1451 1742 frequenter
1496 1662 1784 1729 caritate
1833 1663 2346 1745 complectimur,
2400 1681 2533 1745 non
2579 1661 2905 1727 immerito

513 1766 837 1849 singulari
900 1770 1181 1847 quodam
1244 1770 1487 1834 ardore
1550 1770 1633 1832 ad
1681 1768 1806 1833 hoe
1851 1768 2216 1849 innitimur,
2280 1773 2357 1833 ut
2401 1768 2581 1832 inter
2641 1786 2790 1832 eum
2839 1774 2908 1830 et

513 1890 632 1935 nos
680 1872 945 1937 firmare
992 1873 1317 1954 possimus
1364 1873 1841 1964 indissolubilis
1875 1872 2126 1939 vinculi
2155 1871 2496 1951 unionem3
2543 1878 2907 1953 eapropter

512 1976 729 2041 animo
776 1976 1145 2042 deliberato
1195 1986 1263 2042 et
1310 1995 1471 2042 sano
1518 1981 1966 2057 praecedente
1999 1976 2274 2042 consilio
2309 1974 2755 2057 promittimus
2786 1992 2904 2056 pro

511 2080 719 2162 nobiS‚
766 2082 1125 2147 heredibus
1173 2088 1243 2146 et
1290 2082 1788 2149 successoribus
1856 2082 2125 2163 nostriS‚
2178 2082 2450 2165 regibus
2511 2079 2905 2163 Hungariae

513 2194 580 2249 et
629 2185 922 2267 ejusdem
972 2186 1161 2268 regni
1209 2188 1419 2251 nostri
1468 2204 1732 2270 corona,
1789 2190 1960 2253 bona
2022 2193 2253 2251 nostra
2311 2184 2460 2267 fide,
2523 2186 2666 2250 sine
2732 2183 2906 2249 omni

512 2287 659 2353 dolo
724 2296 793 2353 et
840 2290 961 2353 sub
1002 2291 1382 2372 Juramento
1448 2291 1797 2374 corporali,
1858 2293 2030 2371 quod
2092 2292 2383 2372 desuper
2443 2288 2906 2371 praestitimus

434 2420 439 2423 ·
512 2393 715 2457 tactis
750 2394 1114 2474 evangeliis
1148 2396 1614 2475 sacrosanotis‚
1649 2397 2032 2476 supradicto
2065 2395 2210 2478 regi
2241 2394 2498 2477 Carolo,
2547 2392 2906 2459 heredibus

512 2503 581 2562 et
628 2500 1125 2565 successoribus
1180 2493 1337 2582 su'iS,
1400 2501 1672 2583 regibus
1735 2501 1807 2565 B.
1869 2509 1938 2566 et
2001 2501 2296 2581 ejusdem
2361 2499 2555 2583 regni
2615 2517 2906 2566 coronae

511 2601 1012 2684 imperpetuum,
1059 2623 1203 2670 cum
1252 2605 1393 2686 ipso
1440 2607 1507 2671 in
1553 2615 1878 2686 perpetua
1913 2606 2046 2687 liga
2079 2611 2150 2670 et
2179 2603 2624 2670 indissolubili
2658 2605 2904 2670 unione

510 2725 794 2782 manere,
842 2707 1103 2789 ipsique
1151 2711 1479 2774 adversus
1510 2727 2036 2790 unumquemque
2069 2711 2416 2787 hominem,
2447 2727 2690 2792 regem,
2727 2709 2905 2791 prin-

510 2810 724 2890 oipem
757 2821 825 2876 et
859 2813 1327 2894 cujuscumque
1362 2814 1736 2897 dignitatiS‚
1766 2816 2016 2897 gradus
2050 2833 2168 2879 seu
2202 2813 2599 2880 conditionis
2633 2815 2906 2896 existat,

510 2915 678 2979 omni
730 2933 858 2994 qua
908 2917 1203 2982 valemus
1282 2917 1580 2999 potentia
1662 2917 2054 2997 frequenter
2115 2918 2438 2984 assistere
2496 2925 2565 2983 et
2609 2918 2908 2986 fideliter

511 3019 868 3085 subvenire
917 3020 1185 3086 auxiliis
1233 3029 1303 3087 et
1350 3020 1648 3088 consiliis
1698 3023 2107 3103 opportunis.
2149 3022 2526 3088 illustribus
2563 3023 2908 3090 Cazimiro

508 3123 897 3188 Polonorum
947 3144 1108 3206 rege
1156 3134 1223 3191 et
1270 3127 1550 3192 Alberto
1599 3128 1770 3193 duce
1817 3128 2137 3193 Austriae
2185 3129 2656 3207 amborumque
2711 3128 2905 3194 here-

510 3227 701 3292 dibus
750 3229 1098 3295 dumtaxat
1144 3233 1465 3312 exceptis

715 3331 1169 3399 Promittimus
1216 3335 1346 3400 fide
1392 3355 1523 3416 qua
1570 3355 1790 3418 supra,
1839 3339 2014 3417 quod
2061 3337 2118 3401 si
2157 3336 2514 3416 aliquando
2548 3336 2721 3402 filios
2757 3337 2907 3404 sive

504 3432 677 3499 filias
725 3435 1203 3503 obtinuerimus
1250 3439 1317 3502 in
1364 3439 1678 3508 futurum.
1719 3443 1893 3521 quod
1955 3441 2102 3505 illos
2166 3441 2270 3505 vel
2332 3439 2482 3507 illas
2539 3443 2908 3526 maritagio

507 3559 624 3606 seu
706 3540 941 3621 nuptui
1018 3542 1329 3622 copulare
1404 3542 1704 3610 nolumus
1781 3563 1904 3610 neo
1981 3547 2294 3610 debemus
2375 3544 2908 3627 quibuscumque

504 3645 807 3725 personis
875 3646 1130 3725 absque
1201 3647 1690 3727 praedictorum
1755 3669 1982 3732 regum
2044 3649 2115 3714 Β.
2178 3649 2475 3733 oonsili0,
2533 3649 2768 3717 favore
2833 3657 2911 3718 et

503 3748 777 3814 licentia
826 3749 1122 3830 speciali.

712 3871 1179 3936 Praesentium
1213 3924 1226 3937 .
1258 3924 1270 3937 .
1308 3924 1321 3940 .

714 4036 954 4100 Datum
1003 4037 1233 4103 Budae
1280 4057 1336 4103 a.
1387 4039 1463 4105 D.
1517 4045 1702 4122 1353,
1749 4040 2126 4107 Indictione
2173 4051 2385 4124 sexta,
2441 4046 2689 4110 mensis
2740 4047 2911 4130 Sep-

506 4141 780 4205 tembris
828 4139 936 4206 die
984 4142 1241 4207 decima
1286 4143 1538 4223 quinta.

714 4307 833 4390 (A.
882 4305 975 4375 Κ.
1026 4345 1109 4354 -
1160 4307 1417 4372 Brauon
1474 4309 1653 4375 vm.
1701 4311 1881 4394 222.)
