3288 4973
1384 364 1639 425 -469
1689 396 1772 405 —

382 564 789 631 audientiam
850 566 1193 633 destinare
1242 566 1492 648 poterit
1540 572 1605 633 et
1653 567 1902 643 valeat,
1963 567 2075 646 qui
2133 566 2452 632 advertat
2511 570 2582 630 et
2641 564 2774 631 rite

382 668 781 753 consideret,
828 670 885 737 si
934 670 1372 751 conquerenti
1407 673 1489 737 de
1522 670 1794 753 jnstitia
1827 671 2263 752 provideatur
2294 688 2515 736 coram
2548 668 2772 751 nobis;

380 780 449 838 et
493 774 563 840 in
614 792 759 840 eum
805 792 1051 858 casum,
1096 776 1210 840 ubi
1256 776 1582 841 relatione
1628 776 1790 841 talis
1833 775 2049 841 nuntii
2094 774 2418 841 destinati
2464 773 2773 855 clareret,

378 895 506 943 non
552 876 697 945 fore
746 879 1037 945 debitam
1084 878 1621 945 administratam
1662 878 1996 963 ,iustitiam
2045 879 2113 944 in
2158 882 2391 945 nostra
2451 877 2639 943 curia
2701 882 2771 945 et

378 984 779 1049 vasallorum
827 990 1205 1049 nostrorum
1254 984 1662 1065 praesentia,
1717 990 1790 1049 ut
1837 982 2239 1066 praefertur,
2283 986 2443 1048 tunc
2489 1000 2774 1063 conque-

376 1105 532 1153 rens
580 1087 958 1153 huiusmodi
1004 1090 1089 1153 ab
1134 1086 1468 1154 auditorio
1525 1092 1758 1153 nostro
1820 1104 2188 1169 provocare
2250 1104 2370 1152 seu
2430 1086 2772 1167 appellare

374 1190 626 1273 poterit
672 1193 757 1257 ad
796 1190 1054 1275 judicia
1099 1190 1509 1257 dominorum
1569 1199 1966 1273 nostrornm,
2029 1190 2104 1256 Β.
2168 1208 2416 1275 regum,
2477 1190 2592 1270 qui
2649 1208 2769 1272 pro

372 1301 669 1376 tempore
714 1293 984 1379 fuerint,
1047 1301 1117 1361 et
1162 1296 1407 1361 ibidem
1468 1296 1589 1362 tali
1653 1294 2102 1377 conquerenti
2151 1293 2519 1375 iustificare
2581 1300 2768 1361 tene-

370 1398 605 1480 bimur,
665 1404 734 1463 et
780 1398 929 1467 vice
976 1416 1177 1467 versa
1221 1402 1306 1465 ab
1356 1398 1497 1482 ipso
1545 1400 1887 1483 postulare
1935 1398 2260 1483 justitiam
2306 1400 2377 1464 in
2424 1398 2646 1465 causis
2694 1404 2764 1464 et

370 1503 663 1586 negotiis
718 1502 1242 1586 quibuscunque,
1288 1522 1503 1584 neque
1549 1504 2048 1585 sustinebimus»,
2112 1502 2313 1568 vitari
2363 1520 2481 1569 seu
2529 1520 2765 1585 provo·

371 1607 511 1673 cari
556 1608 640 1672 ad
690 1608 1138 1691 cujuscunque
1182 1608 1463 1674 alterius
1506 1606 1751 1673 domini
1775 1606 2049 1689 judicia,
2079 1606 2315 1687 quovis
2347 1608 2556 1672 modo.

576 1710 1045 1778 Praesentium
1150 1712 1275 1779 sub
1365 1730 1659 1795 appenso
1751 1718 1979 1777 nostro
2071 1710 2289 1795 sigillo
2380 1710 2762 1778 testimonio

368 1814 733 1881 literarum.

574 1954 821 2020 Datum
880 1954 1361 2023 Wratislaviae
1420 1976 1478 2023 a.
1546 1961 1732 2039 1359,
1789 1956 1858 2021 in
1906 1956 2012 2022 die
2061 1976 2110 2021 e.
2159 1956 2450 2022 'rhomae
2512 1955 2757 2021 Cantu-

363 2057 653 2124 ariensis
701 2058 999 2141 episcopi
1046 2064 1113 2126 et
1161 2059 1478 2144 martyris
1524 2060 1812 2143 gloriosi.

576 2196 699 2282 (A.
744 2196 842 2267 K.
890 2234 974 2247 --
1016 2198 1215 2267 Arch.
1264 2198 1333 2267 S.
1387 2198 1615 2281 Wc‘nc.)

574 2456 726 2526 460.
773 2453 1204 2526 Infeudatio
1250 2455 1435 2544 pagi
1480 2454 2114 2544 Burghartsdort.

1466 2579 1663 2648 1359.

571 2715 697 2770 List
730 2714 895 2784 Jana,
932 2715 1207 2782 Kunrata,
1246 2715 1429 2770 breti-i
1466 2733 1495 2769 z
1536 2715 1772 2787 Salesin,
1799 2718 2000 2784 kteryz
2025 2720 2296 2786 vyzuava,
2324 2722 2390 2772 ze
2416 2733 2476 2774 se
2502 2718 2756 2785 poddcvt

363 2818 398 2857 v
432 2802 711 2857 manstvie
752 2801 955 2856 ciesafi
990 2801 1218 2856 Karlovi
1264 2802 1495 2871 jakozto
1547 2802 1692 2856 krali
1751 2803 2010 2867 fleskemu
2047 2819 2082 2858 a
2109 2802 2242 2872 jeho
2295 2804 2554 2858 buducim
2592 2819 2618 2858 s
2655 2811 2756 2858 tau

360 2891 447 2943 vsi
481 2888 959 2957 Burghartfldorfs
997 2904 1030 2941 a
1066 2889 1103 2942 k
1143 2889 1351 2942 korune
1391 2889 1553 2942 ceske
1592 2891 1629 2942 k
1666 2888 1936 2943 vecnoeti.
1977 2890 2073 2958 (A.
2113 2889 2216 2958 K.)

562 3133 715 3202 461.
784 3129 1171 3202 Attestnm
1238 3130 1575 3218 episcopi
1646 3137 1726 3200 et
1781 3130 2104 3217 capituli
2152 3131 2747 3220 Bambergensis

360 3233 453 3306 de
486 3233 1033 3322 jurisdictione
1081 3232 1700 3305 Sulczbachensi.

1468 3359 1664 3426 1359.

562 3495 689 3550 List
742 3493 987 3560 Lupolta
1031 3495 1265 3563 biskupa
1300 3495 1716 3549 Bamberskeho
1751 3495 1772 3548 i
1809 3497 1897 3550 vsi
1933 3495 2206 3564 kapitoly,
2249 3501 2318 3552 ze
2351 3501 2475 3562 tyto
2513 3495 2775 3564 rychtyz'

351 3582 585 3651 nejprve
596 3581 1373 3651 Fluxenbergk,Kapsp01-gk,
1390 3581 1609 3650 Boslov,
1626 3583 2030 3638 Smickenbruk
2054 3582 2339 3652 pflslufieji
2363 3584 2400 3636 k
2421 3581 2744 3637 lentrechtu

354 3668 840 3738 Sulcpachekemu,
877 3687 911 3724 a
946 3674 1015 3724 ze
1050 3671 1223 3724 vecula
1258 3673 1419 3724 nema
1454 3675 1608 3724 tomu
1646 3671 1930 3738 piekaZky
1964 3669 2141 3724 ciniti.
2180 3671 2278 3740 (A.
2321 3671 2419 3738 K.)

562 3898 716 3964 462.
758 3895 1014 3966 Casti-i
1060 3895 1493 3966 Wildenow
1535 3896 1980 3967 infeudatio.

1465 4021 1660 4090 1359.

564 4153 693 4213 Liet
714 4155 1065 4227 Engelharta
1092 4173 1125 4214 a
1145 4159 1375 4214 Pezolta
1398 4161 1575 4214 bratii
1595 4177 1627 4214 z
1651 4161 1982 4231 Wildenow,
2007 4168 2073 4218 ze
2096 4179 2124 4217 s
2151 4167 2402 4219 zamkem
2429 4161 2742 4216 Wildenow

354 4253 417 4296 se
456 4242 713 4312 zavazuji
746 4243 949 4298 ciesaii
985 4243 1215 4300 Kal-lovi
1251 4246 1272 4299 i
1309 4246 1569 4302 buducim
1606 4249 1816 4302 kralom
1865 4252 2090 4317 ceskym
2124 4250 2143 4304 i
2180 4251 2394 4306 komne
2428 4251 2594 4304 ceske
2630 4247 2736 4316 pod

350 4330 635 4384 manstvie
668 4331 705 4382 k
741 4329 1010 4384 vecnosti.
1050 4332 1145 4400 (A.
1189 4331 1289 4398 K.)
