3288 4973
2292 5 2295 7 ’
2332 5 2359 8 ''
2380 5 2391 8 ”
2406 5 2423 32 1‘
2443 3 2455 12 ”
2478 3 3021 87 ’ἶῚῖ-’ῘἾΜ
3048 3 3067 41 .“
3138 5 3187 8 ’-

1524 341 1914 400 -350—

512 547 945 627 nachkomen‚
1014 561 1457 626 marggrauen
1534 563 1617 608 zu
1689 543 2181 638 'Brandenburg
2255 540 2668 623 ewiglichen‚
2745 539 2912 604 aller

513 650 867 716 derselben
914 647 1350 713 hanntfesten
1389 648 1569 714 vnud
1606 647 1855 728 brieue,
1887 649 1971 712 ob
2001 645 2244 711 dhaine
2279 663 2359 710 zu
2391 644 2599 711 liecht
2631 661 2913 724 quemen

512 754 678 820 oder
721 751 1077 818 furbracht
1124 753 1415 817 wurden.

723 857 849 924 Mit
904 857 1159 922 vrkunt
1220 854 1358 920 ditz
1420 853 1589 921 brifs
1640 855 1964 937 versigelt
2030 852 2154 918 mit
2222 870 2516 918 vnnsern
2563 851 2913 934 innsigeln,

510 963 632 1027 der
695 963 907 1044 geben
954 961 1047 1026 ist
1094 977 1176 1024 zu
1224 958 1537 1025 Budissin
1606 959 1778 1025 nach
1837 957 2100 1024 Chr-ists
2161 960 2408 1042 geburt
2469 954 2910 1036 dreytzehen-

511 1065 801 1131 hundert
878 1065 988 1148 jar
1047 1065 1227 1128 vnnd
1288 1063 1592 1128 darnach
1654 1063 1770 1128 inn
1827 1063 1974 1128 dem
2039 1060 2500 1145 fiinfftzigsten
2553 1061 2722 1143 jare,
2805 1078 2912 1124 am

509 1169 782 1250 dinstag
829 1167 999 1234 nach
1046 1168 1194 1232 dem
1240 1171 1504 1248 suntag‚
1552 1165 1653 1231 als
1700 1185 1852 1232 man
1897 1167 2118 1247 singet
2162 1169 2286 1232 das
2323 1169 2506 1246 ampt
2533 1163 2906 1229 Inuocavit.

722 1289 841 1369 (A.
890 1287 1019 1372 K.)

714 1479 866 1547 303.
916 1475 1359 1546 Declaratio
1402 1473 1666 1545 Caroli
1714 1473 1811 1544 ad
1859 1473 2414 1544 ordinationem
2455 1473 2507 1544 J
2509 1474 2782 1544 oannis
2813 1474 2905 1544 de

504 1581 995 1652 successione
1039 1580 1457 1667 pertinens.

1608 1669 1804 1736 1350.

713 1797 1037 1884 (Litterae
1069 1819 1387 1883 conqruae
1418 1798 1758 1861 civitatum
1792 1799 2162 1882 reqiarum:
2207 1797 2431 1862 Lunae
2463 1808 2522 1860 et
2557 1777 2902 1861 ὔασίαυίαε

503 1906 609 1973 25.
658 1903 857 1976 Febr„
904 1903 1125 1966 Novae
1171 1901 1409 1966 Plznae
1455 1910 1647 1981 atque
1691 1901 2169 1964 Lutomericiae
2213 1902 2317 1968 31.
2345 1898 2538 1980 Julii,
2584 1901 2900 1965 Gna-imae

504 2012 562 2079 9.
608 2008 797 2094 Any„
843 2007 1156 2072 Kadcmae
1202 2007 1304 2070 23.
1352 2005 1557 2090 Sept„
1610 2004 1954 2070 Glatoviae
2000 2007 2104 2072 27.
2135 2004 2534 2092 Novembris,
2571 2005 2902 2090 Budivoys

499 2116 559 2179 4.
609 2111 1003 2196 Decembris,
1054 2109 1246 2174 Altae
1290 2109 1511 2172 Mutae
1560 2111 1666 2174 15.
1713 2107 2088 2174 Decembris
2135 2109 2276 2196 etc.)

714 2253 851 2318 Nos
891 2251 1118 2334 judeX,
1160 2250 1373 2334 jurati
1404 2255 1473 2315 et
1518 2249 1928 2316 universitas
1963 2250 2204 2316 ciuium
2235 2249 2535 2316 civitatis
2569 2251 2900 2333 Coloniae,

497 2358 812 2440 Jaromir,
862 2357 1003 2422 Usk
1054 2375 1105 2423 s,
1150 2356 1228 2420 A.
1276 2365 1502 2420 notum
1548 2354 1832 2420 facimus
1881 2355 2245 2420 universis:

712 2461 903 2545 Quod
950 2461 1202 2543 pridem
1265 2462 1347 2525 ad
1400 2461 1783 2525 mandatum
1851 2459 2262 2526 serenissimi
2327 2479 2407 2527 ac
2469 2459 2898 2527 invictissimi

501 2566 823 2650 principis
884 2577 956 2631 et
1004 2566 1247 2631 domini
1294 2565 1509 2629 nostri
1558 2564 1858 2645 gratiosi,
1905 2565 2146 2629 domini
2199 2566 2418 2632 Caroli
2451 2564 2896 2631 Romanorum

498 2687 761 2751 semper
805 2670 1072 2751 augusti
1123 2676 1193 2734 et
1240 2668 1553 2735 Boemiae
1605 2669 1804 2751 regis,
1836 2668 2026 2733 nobis
2060 2670 2495 2735 communiter
2523 2688 2646 2751 per
2677 2670 2895 2736 virum

499 2776 803 2855 nobilem,
850 2774 1177 2839 dominum
1224 2774 1596 2837 Russonem
1644 2772 1728 2837 de
1776 2771 2015 2837 Luticz
2065 2774 2257 2855 regni
2305 2774 2892 2841 Boemiaesubca·

498 2880 867 2951 merarium,
923 2878 991 2944 in
1038 2877 1381 2943 consilium
1447 2875 1854 2957 convocatiS,
1904 2877 2248 2958 praefatus
2308 2878 2608 2944 dominus
2669 2878 2894 2945 Russo

498 2983 646 3049 vice
717 2990 785 3048 et
854 2984 1113 3047 nomine
1183 2980 1514 3062 praedicti
1591 2980 1835 3045 domini
1904 2982 2115 3047 nostri
2183 2982 2478 3065 gratiosi,
2543 3001 2664 3047 nos
2743 3000 2890 3048 cum

496 3086 827 3153 instantia
874 3087 1175 3168 requisit,
1220 3092 1297 3149 ut
1344 3084 1770 3150 considerata
1818 3086 2096 3165 antiqua
2139 3087 2331 3171 regni
2377 3088 2690 3153 Boemiae
2737 3106 2886 3154 con·

497 3190 853 3257 suetudine
903 3191 1141 3257 dudum
1192 3190 1623 3256 laudabiliter
1687 3193 2046 3257 observata
2105 3210 2228 3259 nec
2273 3212 2405 3258 non
2466 3193 2888 3260 ordinatione

495 3295 796 3377 provida,
826 3313 1022 3374 quam
1068 3294 1290 3360 clarae
1336 3296 1691 3361 memoriae
1724 3294 2009 3361 illustris
2045 3296 2354 3378 princeps
2385 3316 2466 3363 ac
2498 3298 2891 3380 magnificus

498 3399 818 3480 dominuS,
897 3400 1199 3464 dominus
1274 3398 1575 3465 Joannes
1644 3402 1968 3479 quondam
2040 3400 2354 3467 Boemiae
2419 3420 2554 3485 rex,
2623 3404 2894 3485 genitor

492 3505 788 3569 eiusdem
837 3503 1075 3569 domini
1113 3505 1346 3587 nostri,
1394 3514 1658 3570 matura
1696 3505 2180 3573 deliberatione
2211 3506 2590 3573 instituisse
2623 3506 2888 3590 dignos-

492 3608 687 3689 citur,
736 3625 867 3687 qua
913 3608 1059 3689 ipse
1106 3608 1477 3688 praefatum
1526 3609 1854 3675 dominum
1898 3618 2215 3694 nostrum,
2248 3610 2431 3676 Rom.
2471 3617 2540 3677 et
2571 3613 2888 3679 Boemiae

492 3730 738 3795 regem,
813 3712 1313 3794 primogenitum
1379 3731 1587 3795 suum,
1648 3712 1921 3793 eiusque
1985 3716 2268 3781 heredes
2325 3722 2395 3781 et
2441 3733 2889 3800 successoreS,

493 3834 614 3895 per
658 3815 1086 3881 masculinam
1120 3818 1361 3883 lineam
1394 3818 1886 3883 descendentes
1922 3820 2005 3883 ab
2040 3818 2206 3899 ipso,
2238 3820 2306 3885 in
2343 3820 2647 3900 praerato
2681 3840 2886 3903 regno

488 3937 609 3984 suo
650 3918 963 3986 Boemiae
1012 3938 1169 3985 suos
1203 3921 1485 3987 heredes
1525 3927 1594 3987 et
1626 3939 2055 3987 successores
2089 3941 2237 3987 esse
2272 3923 2640 4004 constituit,
2674 3926 2885 3991 voluit

486 4028 557 4087 et
590 4023 915 4105 decrevit,
955 4042 1075 4089 nos
1109 4025 1315 4090 etiam
1346 4025 1591 4091 illustri
1624 4024 1916 4106 principi
1949 4031 2020 4091 et
2051 4026 2310 4092 domino
2342 4032 2589 4109 nostre,
2622 4030 2880 4095 domino

488 4126 907 4211 Wencesla0‚
978 4127 1267 4209 praefati
1337 4128 1584 4194 domini
1655 4130 1868 4193 nostri
1939 4128 2120 4194 Rom.
2190 4140 2261 4196 et
2329 4131 2644 4199 Boemiae
2703 4152 2880 4215 regis

484 4230 942 4313 primogenite,
998 4232 1371 4313 corporalia
1411 4235 1796 4317 juramenta
1845 4234 2150 4315 homagii,
2199 4236 2621 4302 obedientiae
2677 4243 2879 4317 atque

480 4332 827 4399 fidelitatis
878 4337 1107 4401 debite
1156 4342 1676 4417 praestaremus
