3288 4973
2662 6 3194 262 ,ἡ

1576 318 1968 379 -252-

572 528 1025 604 vorgenanten
1074 522 1332 601 herren,
1380 524 1525 586 dem
1572 521 1834 600 chunig,
1883 522 2134 586 seinem
2181 527 2392 599 vater,
2439 518 2599 582 heut
2635 535 2722 580 an
2753 513 2944 579 disem

572 632 687 709 tag
732 626 850 691 mit
894 628 1149 692 andern
1197 643 1442 691 unsern
1492 625 1748 690 briefen
1797 624 2012 689 haben
2065 624 2320 688 verlubt
2377 622 2508 687 und
2557 620 2945 699 vel-punden.

784 747 932 812 Und
978 748 1271 813 daruber
1318 755 1444 813 etc.

777 870 1008 935 Geben
1055 888 1136 935 zu
1186 870 1364 953 Prag
1408 889 1492 935 an
1538 880 1696 936 sant
1742 870 2128 935 Clementen
2191 876 2308 950 lag
2355 866 2526 931 nach
2574 866 2679 930 Cr.
2724 865 2946 945 geburi-

572 975 1248 1041 dreuzehenhundert
1286 972 1399 1055 jar
1445 974 1510 1040 in
1558 977 1702 1040 dem
1753 974 1899 1040 vier
1945 974 2076 1039 und
2127 970 2519 1055 virzigisteu
2557 968 2684 1051 jar.

780 1110 901 1199 (A.
965 1111 1059 1180 K.
1120 1150 1205 1161 -·
1266 1110 1489 1197 Chytil
1567 1112 1706 1180 VII.
1775 1114 1920 1179 561.
1967 1150 2052 1161 —-·
2101 1110 2494 1195 Grilnhayon
2561 1107 2610 1175 J.
2675 1107 2817 1175 164.
2871 1142 2948 1151 -

568 1214 784 1281 Επιζεν
830 1216 873 1279 I
880 1214 953 1284 V.
997 1216 1217 1303 1473.)

768 1478 922 1545 240.
972 1476 1324 1564 Episcopi
1370 1482 1449 1547 et
1493 1478 1812 1565 capituli
1867 1472 2504 1547 Vrntislaviensis
2551 1471 2820 1541 literae
2851 1466 2936 1535 de

566 1580 1000 1667 receptione
1047 1580 1125 1650 in
1174 1580 1475 1651 feudum
1525 1582 1790 1669 oppidi
1837 1580 2210 1651 Grotkow
2254 1597 2424 1648 cum
2471 1570 2946 1662 pertinentiis

572 1684 907 1771 ejusdem
956 1706 1002 1756 a
1046 1686 1343 1756 Joanne
1403 1707 1610 1773 rege.

1330 1829 1523 1909 1344,
1568 1828 1677 1893 23.
1727 1824 2201 1895 Novembris.

770 1980 891 2034 List
910 1980 1180 2035 Preclava
1200 1980 1437 2049 biskupa
1458 1982 1920 2036 Vratislavskeho
1944 1998 1979 2036 a
2007 1984 2090 2035 vsi
2109 1981 2375 2050 kapitoly,
2398 1984 2462 2035 ze
2482 1981 2659 2033 mesto
2680 1976 2936 2041 (iri-otker,

560 2068 753 2121 kterez
784 2068 878 2137 jsii
916 2067 1093 2135 k1'1pi1i
1132 2068 1201 2121 od
1240 2068 1539 2122 Boleslava
1574 2068 1836 2123 kniezete
1875 2068 2166 2123 slezskeho
2205 2084 2238 2121 a
2267 2069 2328 2137 ,ᾖε
2381 2069 2480 2121 tak
2531 2066 2671 2133 drzi,
2743 2060 2938 2132 prijali‚

552 2154 685 2221 jako
716 2155 835 2224 jest
872 2154 1069 2209 knieze
1114 2154 1369 2209 Boleslav
1408 2155 1581 2221 (ἰτέαι,
1620 2174 1653 2209 v
1693 2158 1936 2210 manstvi
1973 2157 2042 2210 od
2081 2156 2236 2209 krale
2272 2155 2420 2210 Jana
2455 2172 2488 2209 a
2525 2156 2742 2219 koruny
2771 2149 2944 2205 coske.

768 2294 843 2359 In
892 2295 1151 2361 nomine
1201 2296 1482 2380 Domini,
1513 2298 1743 2363 Amen.
1777 2299 1912 2363 Nos
1943 2298 2304 2364 Preczlaus
2343 2297 2418 2361 D.
2452 2317 2544 2377 gr.
2577 2294 2946 2377 episcopuS,

561 2400 893 2465 Henricus
940 2402 1023 2465 de
1076 2400 1333 2465 Baruth
1383 2402 1826 2484 praepositus
1865 2403 2244 2483 Stephanus
2277 2404 2588 2481 decanuS,
2621 2397 2948 2465 chricus

556 2503 1024 2586 scholasticus,
1094 2510 1435 2584 totumque
1504 2506 1867 2586 capitulum
1945 2507 2274 2573 ecclesiae
2355 2502 2943 2582 wratislaviensis,

556 2610 855 2673 omnibus
904 2613 974 2673 et
1018 2609 1296 2690 singulis
1332 2621 1725 2690 praesentes
1759 2611 1994 2676 literas
2029 2610 2432 2692 inspecturis
2469 2615 2768 2674 volumus
2801 2625 2944 2672 esse

556 2721 783 2779 notum
828 2733 906 2779 ac
948 2720 1179 2778 tenore
1216 2715 1667 2793 praesentium
1707 2716 1964 2795 publice
2007 2717 2404 2798 profitemur,
2436 2714 2610 2794 quod
2641 2711 2946 2794 oppidum

556 2819 915 2884 Grothcow
964 2837 1107 2883 cum
1156 2826 1343 2883 terra
1374 2825 1444 2882 et
1474 2819 1792 2884 districtu
1826 2839 1904 2885 ac
1936 2820 2238 2884 omnibus
2271 2824 2340 2884 et
2371 2817 2650 2900 singulis
2677 2815 2936 2900 juribus

553 2931 624 2988 et
651 2923 1074 3003 pertinentiis
1101 2922 1328 3004 ipsiuS,
1374 2925 1547 3002 quod
1572 2925 1814 2989 dudum
1838 2927 1921 2989 ab
1949 2924 2194 2990 illustri
2221 2923 2516 3004 principe
2537 2923 2594 2986 d.
2615 2922 2942 3003 Boleslao,

555 3030 723 3093 duce
768 3025 1026 3092 Sleziae
1074 3031 1143 3090 et
1188 3027 1446 3092 domino
1496 3027 1842 3110 Bregensi,
1891 3029 2018 3093 rite
2051 3047 2130 3094 ac
2165 3026 2656 3094 rationabiliter
2691 3044 2941 3107 compa·

558 3130 850 3198 ravimus
902 3147 1017 3210 pro
1068 3131 1257 3194 uobis
1306 3139 1375 3194 et
1422 3136 1655 3195 nostra
1691 3131 2232 3200 wratislaviensi
2264 3130 2550 3198 ecclesia
2581 3129 2946 3211 praedicta,

552 3237 724 3316 quod
786 3236 1029 3299 dudum
1092 3234 1291 3299 etiam
1363 3236 1583 3301 dictus
1654 3238 1786 3301 dux
1852 3237 2198 3302 Boleslaus
2245 3237 2328 3300 ab
2377 3234 2940 3301 excellentissimo

556 3339 851 3420 principe
900 3345 969 3404 et
1015 3339 1275 3403 domino
1322 3347 1567 3419 nosti-0,
1614 3341 1922 3407 Johanne
1970 3361 2124 3424 rege
2177 3342 2269 3422 B.,
2310 3342 2376 3407 in
2415 3341 2676 3406 feudum
2712 3340 2939 3405 habuit

552 3451 623 3510 et
670 3443 985 3525 possedit,
1034 3443 1405 3524 recepimus
1439 3453 1669 3510 nostro
1703 3453 1772 3510 et
1804 3446 2026 3511 dictae
2061 3451 2331 3510 nostrae
2371 3443 2943 3512 Wratislaviensis

550 3547 879 3614 ecclesiae
950 3547 1209 3613 nomine
1283 3547 1349 3612 in
1412 3567 1639 3612 verum
1700 3548 1966 3615 feudum
2028 3553 2112 3614 ab
2177 3552 2404 3616 eodem
2466 3549 2726 3617 domino
2791 3567 2944 3630 rege

558 3653 645 3734 13„
692 3653 951 3718 domino
1002 3659 1248 3732 nostro,
1296 3652 1403 3716 cui
1447 3651 1711 3718 ratione
1757 3661 1981 3720 terrae
2022 3654 2244 3720 dictae
2277 3653 2826 3721 Grothcoviensis
2857 3654 2940 3717 ad

544 3759 698 3839 jura
746 3756 1040 3821 feudalia
1090 3759 1449 3822 secundum
1496 3763 1803 3822 naturam
1855 3759 1996 3823 veri
2041 3757 2217 3824 feudi
2267 3764 2577 3838 tanquam
2647 3757 2940 3824 vasallus

552 3869 621 3926 et
668 3861 974 3942 princeps
1020 3861 1279 3926 domino
1328 3880 1445 3926 suo
1495 3878 1721 3926 sumus
1784 3863 2082 3946 obligati,
2140 3863 2398 3944 sibique
2446 3871 2516 3928 et
2561 3862 2704 3928 suis
2753 3863 2936 3928 here-

552 3964 763 4047 dibus,
812 3964 1080 4048 regibus
1116 3965 1446 4044 Boemiae‚
1480 3966 1593 4046 qui
1627 3985 1745 4046 pro
1786 3973 2081 4048 tempore
2115 3969 2384 4050 fuerint,
2415 3978 2730 4046 tanquam
2765 3967 2938 4033 veris

548 4068 731 4136 feudi
776 4069 1056 4135 dominis
1104 4088 1222 4136 nos
1272 4076 1341 4135 et
1372 4069 1587 4135 nostri
1621 4089 2048 4138 successores
2081 4074 2428 4139 occasione
2458 4073 2680 4137 dictae
2716 4079 2934 4138 terrae

551 4172 1101 4240 Grothcoviensis
1182 4181 1575 4241 constanter
1649 4183 1719 4242 et
1794 4175 2085 4242 fideliter
2150 4178 2232 4242 de
2299 4183 2524 4243 cetero
2593 4177 2940 4242 intendere

549 4277 928 4343 tenebimur
981 4289 1049 4343 et
1098 4295 1353 4358 parere.
