3288 4973
1558 366 1950 426 —160—

560 568 775 634 iustas
820 574 889 631 ct
934 566 1379 633 racionabiles
1408 566 1551 634 fore
1581 570 2036 635 admittendas
2065 569 2500 649 iudicassent,
2529 574 2748 633 tamen
2783 564 2942 631 dicti

564 675 769 738 duces
814 692 935 754 pro
980 690 1105 737 sua
1147 672 1543 755 intentione,
1588 673 1718 739 vid.
1769 674 1942 753 quod
2001 675 2150 741 iure
2207 671 2562 755 polonicali
2617 672 2688 735 in
2745 686 2939 735 causa

562 776 913 859 praedicta
956 776 1133 843 foret
1179 779 1689 859 procedendum,
1737 779 1962 860 plures
2025 778 2458 845 consimilium
2519 792 2944 859 personarum

566 900 767 948 voces
812 882 1063 948 habere
1108 880 1643 947 inveniebantur.

770 986 1061 1067 Cumque
1108 986 1193 1051 ad
1240 986 1413 1052 hanc
1458 988 1866 1053 sententiam
1903 1006 2024 1069 pro
2057 986 2257 1053 dictis
2287 986 2568 1053 ducibus
2597 984 2744 1050 iure
2771 984 2944 1065 polo-

563 1090 765 1157 nicali
834 1092 1195 1172 procedere
1254 1090 1776 1174 disponeremus,
1837 1092 2009 1157 idem
2079 1094 2210 1157 dux
2277 1090 2592 1156 Nicolaus
2653 1086 2948 1153 sentiens

566 1195 691 1263 iuri
738 1214 860 1261 suo
904 1194 1149 1261 feodali
1195 1195 1375 1262 circa
1420 1198 1730 1262 ducatum
1769 1197 1846 1263 Β.
1883 1202 1954 1263 et
1981 1208 2294 1264 caeteras
2323 1202 2544 1261 terras
2576 1192 2948 1276 praedictas

566 1298 1023 1367 verisimiliter
1069 1301 1393 1383 derogari,
1438 1319 1565 1367 nec
1610 1302 1992 1367 consentire
2038 1302 2288 1383 volens,
2343 1300 2518 1381 quod
2559 1309 2806 1365 natura
2851 1296 2950 1361 sni

565 1403 847 1469 feodalis
910 1403 1094 1485 iuriS,
1152 1422 1282 1483 quo
1350 1422 1509 1469 snas
1568 1412 1791 1470 terras
1851 1406 2234 1486 praedictas
2291 1425 2332 1471 a
2381 1404 2576 1470 nobis
2633 1404 2954 1469 hactenus

564 1510 785 1574 tenuit
830 1514 901 1573 et
946 1512 1153 1589 tenet,
1199 1508 1269 1573 in
1314 1509 1419 1575 ius
1462 1509 1860 1591 polonicum,
1906 1516 2142 1591 utpote
2185 1512 2258 1579 in
2300 1508 2516 1575 forum
2561 1528 2602 1574 a
2647 1524 2763 1571 suo
2811 1504 2954 1571 iure

566 1611 856 1679 alienum
901 1618 975 1678 et
1016 1613 1281 1679 omnino
1329 1614 1684 1693 diversum,
1737 1616 2242 1697 transferretur,
2299 1614 2600 1681 omnibus
2661 1616 2956 1693 praeter·

570 1716 789 1783 missis
834 1735 877 1781 a
920 1717 1111 1783 nobis
1156 1720 1540 1786 recedebat.

776 1822 1069 1901 Cumque
1114 1822 1439 1889 seriosum
1482 1824 1770 1889 animum
1815 1824 2182 1891 ulciscendi
2213 1832 2282 1890 et
2315 1820 2694 1889 vindicandi
2723 1826 2960 1887 contra

566 1926 799 1991 ducem
844 1925 1189 1991 Nicolaum
1238 1926 1654 2006 praedictum
1701 1934 1978 2009 propter
2025 1930 2229 1995 talem
2285 1944 2614 1993 recessum
2663 1944 2704 1990 a
2747 1924 2962 1994 nobis,

564 2035 643 2094 nt
688 2028 1117 2111 praedicitur,
1178 2032 1790 2113 assumpsissemuS,
1865 2032 2176 2097 videntes
2238 2030 2430 2097 amici
2496 2030 2706 2111 ipsius
2767 2027 2962 2094 ducis

566 2132 823 2199 Nicolai
869 2140 1115 2199 motum
1162 2134 1361 2199 animi
1408 2136 1623 2201 nostri
1671 2142 1908 2202 contra
1953 2136 2186 2219 ipsum,
2245 2154 2318 2201 se
2365 2136 2544 2217 apud
2587 2151 2708 2199 nos
2751 2133 2962 2197 inter-

563 2239 902 2319 ponebant
947 2256 1066 2318 pro
1112 2240 1359 2303 eodem.
1406 2240 1511 2303 Ad
1544 2258 1821 2320 qnorum
1855 2240 2245 2306 instantiam
2284 2240 2502 2305 dictas
2535 2236 2962 2319 quaestiones

567 2348 637 2407 et
656 2360 893 2409 causas
916 2341 1107 2407 nobis
1132 2343 1609 2425 assumpsimus
1635 2344 1998 2425 taliterque
2023 2344 2482 2419 ordinandum,
2506 2341 2962 2408 diffiniendum

567 2447 872 2513 duximus
918 2452 988 2511 et
1020 2447 1397 2530 tenendum,
1428 2450 1603 2529 quod
1634 2449 1857 2514 dictus
1890 2452 2022 2516 dux
2051 2449 2370 2515 Nicolaus
2403 2454 2648 2514 terram
2679 2445 2966 2512 Ratibor

569 2556 640 2616 et
684 2551 1031 2616 civitatem
1064 2569 1211 2618 cum
1241 2559 1466 2619 castro
1498 2553 1976 2637 Ratiboriensi,
2007 2555 2158 2636 Zar,
2189 2553 2560 2620 Plessinam
2592 2558 2664 2618 et
2695 2550 2964 2616 Loslaw

571 2654 888 2722 civitates
932 2661 999 2721 et
1048 2663 1341 2722 castrum
1388 2656 1639 2722 Ribnik
1687 2676 1834 2724 cnm
1881 2658 2120 2740 oppido
2167 2659 2410 2724 ibidem
2457 2663 2528 2722 et
2571 2673 2716 2722 cum
2761 2654 2966 2720 omni-

568 2761 691 2825 bus
737 2759 1299 2827 inhabitatoribus
1347 2769 1677 2828 terrarum
1714 2763 2230 2845 praedictarum,
2260 2763 2709 2842 cuiuscunque
2741 2767 2966 2826 status

569 2867 687 2930 aut
732 2864 1127 2931 conditionis
1177 2866 1494 2948 existant,
1541 2873 1742 2949 prout
1787 2866 2006 2933 dictus
2053 2869 2188 2933 dux
2235 2867 2498 2933 Leszko
2543 2865 2780 2948 tenuit,
2829 2882 2968 2929 una

570 2969 771 3034 etiam
818 2987 964 3036 cum
1007 2972 1255 3036 ducatu
1303 2969 1648 3052 Oppaviae
1695 2990 1775 3035 ac
1823 2991 1970 3038 cum
2009 2973 2308 3038 omnibus
2340 2978 2413 3039 et
2443 2969 2721 3052 singulis
2752 2969 2967 3051 digni·
3094 2971 3105 2981 '

565 3072 841 3156 tatibuS,
886 3073 1245 3140 honoribus
1279 3081 1349 3140 et
1379 3074 1656 3159 iuribuS,
1689 3074 2284 3157 iurisdictionibuS,
2335 3074 2639 3143 dominiis
2681 3072 2968 3139 utilibus

568 3177 861 3260 directis,
891 3179 1356 3244 thesaurorum
1395 3179 1934 3246 absconditorum
1980 3187 2052 3246 et
2083 3180 2508 3264 publicorum,
2541 3179 2970 3245 mineralium

570 3286 693 3348 aut
738 3281 806 3346 in
852 3300 1107 3348 massas
1154 3288 1398 3349 natura
1443 3289 1563 3348 aut
1607 3289 1761 3350 arte
1804 3287 2247 3366 redactorum,
2291 3303 2428 3350 nna
2473 3303 2615 3350 cum
2661 3283 2967 3365 monetiS,

574 3385 901 3452 theloneis
948 3393 1019 3452 et
1062 3387 1469 3469 generaliter
1514 3393 1582 3455 et
1638 3389 2074 3470 singulariter
2135 3407 2282 3456 cum
2347 3387 2641 3455 omnibus
2701 3393 2774 3453 et
2834 3387 2969 3454 sin-

576 3488 749 3572 gulis
802 3491 1143 3557 ducalibus
1209 3490 1514 3573 insigniis
1569 3511 1690 3574 pro
1751 3511 1824 3559 se
1887 3499 1956 3559 et
2019 3513 2136 3576 pro
2197 3493 2495 3560 omnibus
2557 3497 2628 3558 et
2685 3491 2970 3572 singulis

575 3593 712 3660 suis
760 3595 939 3661 veris
1001 3601 1071 3661 et
1114 3595 1431 3680 legitimis
1503 3595 1860 3666 heredibus
1945 3597 2290 3678 utriusque
2353 3615 2552 3662 sexus
2615 3595 2968 3662 masculini

578 3703 648 3762 et
690 3696 1003 3783 feminini,
1062 3706 1258 3780 prout
1302 3701 1507 3766 etiam
1552 3701 1620 3765 in
1667 3702 1820 3767 aliis
1865 3702 2116 3768 litteris
2171 3701 2420 3768 nostris
2483 3701 2660 3766 dicto
2717 3700 2972 3766 illustri

576 3801 869 3885 Nicolao,
918 3803 1067 3869 duci
1116 3802 1479 3886 Oppaviae‚
1538 3804 1825 3887 principi
1873 3811 1944 3869 et
1990 3806 2168 3871 fideli
2233 3811 2460 3870 nostro
2521 3804 2784 3887 dilecto,
2851 3822 2975 3885 per

576 3923 697 3972 nos
743 3923 946 3986 super
990 3910 1239 3974 eisdem
1288 3909 1637 3975 ducatibus
1686 3915 1756 3973 et
1800 3909 2107 3976 dominiis
2157 3909 2332 3975 datis
2371 3906 2632 3991 plenius
2664 3908 2972 3974 novimus

580 4009 931 4077 contineri.

782 4113 967 4180 Idem
998 4122 1217 4181 autem
1244 4118 1378 4182 dux
1408 4117 1722 4183 Nicolaus
1754 4117 2070 4184 civitates
2104 4123 2172 4182 et
2195 4116 2614 4200 munitioneS,
2643 4116 2964 4183 videlicet

580 4217 843 4284 Cozlam
890 4223 953 4284 et
1006 4219 1264 4285 Glivicz
1310 4220 1487 4287 infra
1532 4222 1688 4286 hinc
1749 4229 1818 4288 et
1873 4222 2236 4289 crastinam
2300 4220 2471 4288 diem
2532 4226 2686 4302 post
2745 4221 2972 4304 purifi-

580 4320 907 4387 cationem
940 4325 997 4387 b.
1032 4323 1286 4389 Mariae
1328 4325 1605 4406 virginis
1655 4326 1948 4407 proxime
1995 4325 2188 4392 nobis
2218 4331 2288 4391 et
2317 4326 2387 4391 in
2417 4342 2704 4408 persona
2735 4344 2970 4410 nostra
