3288 4973
1530 340 1920 399 *530—

530 540 660 625 (et)
692 539 1015 621 principis
1048 540 1261 605 nostri
1293 540 1543 623 dilecti,
1575 537 1992 623 magnificum
2025 544 2277 607 statum
2307 543 2379 604 et
2407 537 2678 605 honoris
2713 538 2924 619 ipsius

526 651 953 726 augmentum
998 645 1439 727 conspiciunt,
1482 644 1857 713 ferventius
1903 644 2320 727 inclinamur,
2359 643 2806 724 promittimus
2839 642 2922 707 de

526 748 851 833 singulari
920 749 1263 816 fraternae
1331 748 1607 829 pietatis
1669 749 1902 815 favore
1964 740 2034 814 et
2095 751 2270 815 bona
2331 746 2461 813 fide
2525 747 2927 828 spondemus

529 840 1021 938 praesentibus,
1066 854 1215 920 sine
1264 854 1433 937 dolo,
1476 852 1658 920 dicto
1703 851 1903 919 fratri
1944 858 2174 918 nostro
2209 854 2536 919 adversus
2569 851 2928 933 principes,

528 960 833 1041 barones,
879 958 1157 1041 nobiles,
1204 957 1496 1025 vasallos
1544 962 1615 1023 et
1661 957 1830 1023 alios
1878 973 2329 1037 quoscumque
2358 957 2675 1028 homines,
2707 955 2925 1020 cuins-

534 1080 813 1141 cumque
860 1062 1442 1145 praeeminentiae,
1501 1061 1750 1145 gradus
1799 1061 1940 1128 sive
1988 1060 2342 1143 dignitatis
2387 1060 2708 1141 existant,
2751 1057 2931 1125 nullo

533 1164 798 1245 penitus
844 1172 1165 1246 exempto,
1210 1165 1279 1230 in
1326 1166 1501 1231 omni
1536 1172 1783 1231 eventu
1831 1165 1975 1232 sive
2022 1184 2203 1246 casu,
2252 1164 2517 1244 quoties
2549 1163 2924 1231 necessitas

523 1270 942 1349 incumberit,
965 1277 1036 1335 et
1059 1269 1441 1335 nominatim
1478 1274 1547 1335 et
1578 1286 1900 1349 expresse
1933 1271 2020 1334 ad
2051 1267 2634 1349 recuperationem
2657 1266 2928 1349 jurium,

528 1373 897 1440 utilitatum
945 1379 1017 1439 et
1062 1373 1643 1455 pertinentiarum,
1695 1390 1864 1453 quae
1929 1374 2010 1439 de
2073 1390 2352 1452 corpore
2415 1370 2577 1435 dicti
2643 1368 2927 1435 marchi-

528 1482 770 1543 onatus
828 1477 1066 1557 quavis
1128 1476 1477 1543 occasione
1546 1494 1665 1543 seu
1734 1494 1940 1543 causa
2008 1476 2308 1543 alienata
2375 1476 2522 1542 sive
2592 1474 2928 1540 distracta

530 1588 916 1663 noscuntur,
974 1583 1300 1648 adversus
1356 1582 1641 1646 barones
1689 1586 1760 1647 et
1804 1581 2096 1647 vasallos
2141 1598 2222 1646 ac
2267 1584 2577 1647 caeteros
2626 1578 2925 1645 homines

534 1684 829 1751 eiusdem
900 1684 1255 1767 marchiae,
1310 1684 1540 1752 fideles
1602 1685 1810 1766 ipsius
1873 1690 1946 1751 et
2008 1686 2334 1767 subditos,
2395 1684 2509 1764 qui
2571 1681 2928 1751 occasione

536 1788 845 1872 praefata
916 1807 1046 1855 non
1122 1790 1423 1854 contenti
1486 1788 1815 1872 fortassis,
1885 1790 2059 1869 quod
2127 1786 2502 1855 huiusmodi
2571 1785 2930 1869 utilitateS,

529 1894 685 1978 jura
730 1900 801 1959 et
845 1898 1213 1975 proventus
1260 1891 1597 1958 marchiae
1641 1897 2040 1973 repetantur
2085 1896 2169 1960 ab
2219 1892 2336 1976 eis,
2379 1896 2499 1957 aut
2545 1891 2680 1956 alia
2710 1890 2928 1956 inten-

534 1997 717 2062 tione
748 2014 1160 2077 quacumque
1193 2000 1427 2062 contra
1457 1995 1872 2077 praedictum
1902 1995 2181 2063 fratrem
2213 1999 2512 2061 nostrum
2543 1994 2928 2059 calcaneum

533 2100 917 2167 rebellionis
964 2100 1325 2182 erexerint,
1380 2101 1644 2181 quoties
1707 2106 1778 2167 et
1835 2103 2098 2181 quando
2161 2118 2282 2182 per
2342 2100 2560 2182 ipsum
2623 2104 2745 2164 aut
2807 2115 2926 2164 suo

532 2202 796 2269 nomine
844 2204 1151 2285 requisiti
1196 2203 1532 2287 fuerimuS,
1580 2204 1913 2287 auxiliari,
1953 2204 2303 2287 cooperari
2335 2211 2405 2271 et
2436 2204 2762 2271 assistere
2792 2200 2925 2267 fra-

531 2314 728 2375 terno
775 2308 935 2391 zelo,
981 2314 1180 2389 prout
1226 2310 1441 2391 decet,
1485 2309 1796 2375 remediis
1845 2315 1916 2375 et
1961 2308 2258 2375 consiliis
2302 2308 2716 2390 opportunis.

743 2410 1201 2478 Promittimus
1242 2413 1442 2478 etiam
1484 2419 1555 2479 et
1592 2413 1854 2479 sincere
1889 2416 2306 2497 spondemus,
2352 2412 2600 2479 dictum
2646 2410 2924 2477 fratrem

534 2521 855 2598 nostrum,
887 2516 1331 2598 principatum
1364 2523 1434 2584 et
1464 2519 1988 2585 marchionatum
2018 2518 2229 2601 ipsius
2263 2537 2407 2585 cum
2447 2515 2748 2583 omuibus
2787 2515 2924 2582 suis

533 2620 935 2703 attinentiis,
981 2620 1048 2687 in
1096 2622 1396 2688 omnibus
1428 2622 1567 2688 suis
1591 2622 1874 2705 juribus,
1905 2623 2264 2690 honoribus
2298 2629 2370 2689 et
2401 2622 2643 2707 gratiis
2671 2619 2922 2704 magni-

533 2727 658 2792 fice
706 2743 1126 2807 conservare,
1174 2727 1519 2806 ipsumque
1553 2731 1625 2791 et
1654 2727 2100 2809 principatum
2133 2728 2409 2794 eundem
2444 2744 2589 2793 cum
2620 2725 2920 2790 omnibus

530 2829 671 2896 suis
717 2829 1190 2912 adhaerentiis,
1233 2836 1314 2896 ut
1356 2829 1756 2914 praefertur,
1797 2833 1883 2897 ab
1917 2832 2215 2898 omnibus
2249 2830 2610 2912 violentiis,
2650 2845 2924 2924 oppres·

531 2933 831 2998 sionibus
878 2939 949 2999 et
985 2933 1247 3000 iniuriis
1280 2935 1456 3000 tueri
1502 2939 1573 3000 et
1619 2933 1980 3002 defendere
2026 2953 2366 3018 generose,
2413 2951 2629 3015 neque
2673 2952 2796 3000 nos
2842 2934 2921 2999 de

534 3037 913 3120 baronibuS,
986 3037 1266 3104 vasallis
1341 3043 1412 3103 et
1485 3041 1776 3107 caeteris
1844 3041 2132 3108 subditis
2201 3041 2339 3106 suis
2417 3041 2640 3121 verb0,
2725 3036 2923 3119 facto,

534 3141 968 3221 persuasione
1030 3160 1149 3207 seu
1210 3142 1485 3208 consilio
1543 3143 2017 3226 intromittere,
2063 3146 2194 3210 imo
2240 3144 2501 3224 quoties
2549 3142 2793 3223 aliquis
2839 3159 2920 3208 ex

532 3244 735 3310 dictis
797 3245 1173 3328 baronibuS,
1236 3247 1512 3314 vasallis
1573 3253 1643 3312 et
1699 3249 1989 3315 caeteris
2048 3249 2188 3315 suis
2249 3248 2537 3314 subditis
2596 3249 2922 3314 adversus

532 3349 813 3414 eundem
893 3347 1170 3414 fratrem
1235 3353 1531 3416 nostrum
1601 3371 2011 3432 quacumque
2080 3353 2463 3419 temeritate
2532 3370 2654 3436 per
2710 3349 2920 3418 rebel-

531 3451 771 3518 lionem
796 3462 916 3517 aut
947 3452 1143 3519 aliam
1175 3453 1697 3521 inobedientiam
1727 3473 1847 3522 seu
1881 3457 2358 3523 contumaciam
2393 3455 2628 3537 quovis
2653 3454 2920 3540 ingenio

532 3573 654 3622 seu
701 3556 923 3621 colore
954 3555 1259 3636 quaesito
1290 3557 1637 3640 insurgere
1668 3561 2214 3642 praesumpserit,
2245 3578 2365 3626 nos
2399 3577 2530 3626 una
2562 3579 2714 3628 cum
2745 3560 2919 3626 dicto

530 3657 748 3726 fratre
784 3665 1016 3724 nostro
1048 3659 1499 3728 temeritatem
1544 3665 2045 3748 repungnantis,
2089 3664 2500 3748 insurgentis
2544 3683 2666 3732 seu
2713 3663 2921 3731 rebel-

528 3763 737 3830 lantis
768 3763 1143 3830 huiusmodi
1165 3780 1589 3846 compescere
1615 3774 1686 3834 et
1709 3766 2053 3834 refrenare
2084 3770 2459 3836 tenebimur
2489 3774 2559 3836 et
2589 3772 2920 3837 debemus

738 3867 1208 3934 Praesentium
1278 3871 1400 3937 sub
1469 3870 1846 3953 Imperialis
1913 3876 2186 3940 nostrae
2253 3875 2634 3941 maiestatis
2705 3873 2920 3958 sigillo

530 3971 911 4040 testimonio
959 3971 1324 4042 literarum.

738 4093 989 4160 Datum
1011 4094 1272 4177 Pragae
1296 4113 1357 4163 a.
1382 4095 1465 4162 D.
1500 4101 1686 4181 1365,
1717 4097 2094 4165 Indictione
2119 4099 2346 4182 tertia,
2370 4100 2560 4167 VIII.
2583 4099 2938 4167 Kalendas.

532 4196 709 4280 Apr.‚
727 4215 1083 4280 regnorum
1108 4208 1483 4264 nostrorum
1503 4219 1680 4268 anuo
1705 4201 2150 4282 decimonono,
2172 4203 2446 4286 Imperii
2471 4223 2637 4271 vero
2657 4205 2922 4273 decimo.

738 4315 951 4404 (Or-iq.
994 4320 1168 4381 arch.
1223 4317 1525 4383 Statuam
1572 4321 1737 4385 Mor.
1793 4359 1880 4372 -
1926 4323 2190 4388 Brandl
2232 4323 2342 4387 IX.
2397 4325 2576 4404 395.)
