3288 4973
1376 416 1760 483 -199—

582 623 735 689 181.
760 618 1155 689 Ordinatio
1182 620 1503 691 Joannis
1530 619 1742 707 regis
1767 620 1860 689 de
1885 615 2366 689 successione
2393 615 2474 687 in
2497 636 2762 704 regno.

1252 736 1445 817 1341,
1492 736 1600 802 11.
1651 730 1888 801 Junii.

582 848 719 913 Nos
744 847 947 929 judex
982 856 1051 911 et
1072 848 1288 931 jurati
1319 865 1399 913 ac
1430 846 1837 914 universitas
1869 846 2112 913 civium
2145 843 2416 913 Maioris
2467 842 2766 911 civitatis

370 949 739 1037 Pragensis
784 950 1317 1035 recognoscimus
1380 958 1447 1017 et
1492 952 1577 1019 ad
1624 950 2082 1016 universorum
2129 954 2264 1015 tam
2312 946 2763 1030 praesentium

368 1072 567 1135 quam
579 1053 950 1121 futurorum
965 1054 1273 1121 notitiam
1284 1055 1515 1121 harum
1536 1054 1712 1121 serie
1725 1054 2068 1121 literarum
2081 1053 2377 1137 cupimus
2395 1049 2764 1135 pervenire,

370 1162 549 1240 quod
572 1158 731 1240 quia
756 1158 1358 1225 excellentissimus
1382 1157 1712 1240 princeps,
1737 1157 2039 1224 dominus
2061 1163 2309 1239 noster,
2323 1156 2764 1239 d.Johannes,

367 1264 668 1347 inclytus
718 1281 835 1329 rex
878 1264 951 1329 B.
999 1282 1079 1329 ac
1126 1264 1198 1329 L.
1244 1282 1479 1346 comes,
1526 1282 1583 1328 a.
1622 1263 1703 1328 D.
1743 1268 1928 1337 1341,
1957 1261 2129 1329 teria
2159 1262 2248 1327 II.
2281 1260 2457 1328 infra
2487 1266 2764 1327 octavas

370 1368 689 1450 Corporis
708 1366 1370 1450 Christi,convocatis
1388 1366 1730 1449 praelatis
1749 1364 2764 1449 principibus,baronibusmobi-

368 1472 567 1554 libus,
590 1472 977 1539 consulibus
1008 1490 1127 1537 seu
1151 1472 1401 1557 juratis
1425 1471 1814 1553 praedictae
1837 1469 2136 1537 civitatis
2162 1470 2528 1555 Pragensis
2551 1474 2621 1536 et
2645 1469 2764 1536 ali-

368 1596 557 1643 arum
602 1576 949 1643 civitatum
997 1575 1187 1660 regni
1234 1576 1563 1659 Boemiae,
1608 1576 1868 1643 civibus
1899 1592 2022 1641 nec
2055 1592 2184 1641 non
2216 1572 2614 1643 consiliariis
2647 1594 2765 1641 seu

366 1680 943 1747 ambassatoribus
974 1680 1275 1747 civitatis
1309 1680 1908 1764 WratislaviensiS,
1937 1679 2184 1747 ibidem
2218 1678 2763 1760 praesentialiter

367 1786 773 1867 astantibuS,
791 1785 991 1851 talem
1008 1804 1229 1853 coram
1246 1786 1345 1852 eis
1364 1784 1860 1853 ordinationem
1880 1784 2074 1851 duxit
2089 1782 2349 1865 publice
2373 1782 2764 1865 faciendam,

368 1891 605 1956 volens
652 1908 797 1956 eam
846 1892 1091 1957 habere
1140 1892 1341 1957 robur
1388 1896 1753 1973 perpetuae
1800 1888 2156 1971 firmitatiS,
2193 1888 2364 1955 hanc
2411 1886 2759 1955 videlicet:

580 1992 1125 2077 Quandocunque
1192 2014 1273 2061 ex
1343 1994 1776 2077 permissione
1852 1992 2078 2059 divina
2146 1992 2356 2076 ipsum
2427 1990 2760 2059 dominum

365 2120 597 2182 regem
640 2102 725 2167 ab
772 2100 899 2165 hac
946 2098 1091 2167 vita
1136 2098 1340 2184 (quod
1386 2099 1596 2184 absit)
1644 2099 1932 2181 migrare
1964 2096 2360 2181 contigeret,
2381 2098 2566 2177 quod
2599 2102 2758 2163 tunc

366 2204 603 2271 statim
648 2222 771 2271 nos
819 2208 889 2269 et
935 2204 1282 2285 praedicta
1327 2202 1569 2270 civitas
1632 2202 1992 2288 Pragcnsis
2051 2204 2136 2269 ad
2201 2202 2526 2269 illustrem
2584 2201 2761 2283 prin·

367 2308 587 2391 cipem
632 2308 961 2375 dominum
1016 2308 1343 2398 Carolum,
1401 2307 1565 2375 dicti
1623 2308 1868 2375 domini
1931 2306 2146 2373 nostri
2210 2307 2388 2389 regis
2449 2303 2761 2372 Boemiae

365 2412 898 2498 primogenitum,
923 2413 1365 2480 marchionem
1390 2408 1754 2496 Moraviae,
1777 2430 2062 2494 suosque
2093 2412 2376 2479 heredes
2410 2414 2759 2495 duntaxat,

362 2524 431 2586 et
480 2521 569 2586 ad
612 2519 867 2586 nullum
910 2517 1112 2585 alium
1134 2519 1333 2603 juxta
1374 2519 1876 2586 Ordinationem
1909 2519 2237 2601 praedicti
2269 2516 2512 2584 domini
2545 2517 2758 2585 nostri

356 2624 551 2707 regis
598 2629 975 2705 respectum
1022 2622 1391 2689 omnimode
1437 2625 1688 2690 habere
1733 2625 2106 2690 debeamus.

580 2727 717 2792 Nos
763 2728 993 2808 itaque
1038 2727 1249 2809 ipsius
1296 2727 1541 2794 domini
1589 2727 1802 2794 nostri
1848 2728 2024 2810 regis
2071 2729 2424 2810 mandatiS,
2485 2745 2567 2793 ea
2627 2746 2758 2807 qua

368 2833 567 2898 decet
613 2833 997 2898 reverentia
1039 2831 1309 2898 obedire
1360 2831 1700 2898 humiliter
1745 2833 2109 2916 cupient-es,
2157 2850 2277 2913 pro
2322 2831 2532 2915 nobiS,
2571 2832 2759 2898 here-

372 2936 569 3002 dibus
634 2941 704 3002 et
758 2936 1259 3004 successoribus
1324 2937 1575 3003 nostris
1635 2937 2076 3020 promittimus
2136 2940 2308 3004 bona
2367 2943 2439 3004 et
2498 2938 2762 3004 sincera

372 3041 501 3108 fide
562 3041 847 3108 firmiter
872 3042 961 3107 ‘et
1005 3042 1424 3123 spondemus,
1482 3043 1655 3121 quod
1721 3045 2247 3124 quandocunque
2306 3041 2762 3124 saepedictum

369 3145 703 3213 dominum
747 3151 1045 3212 nostrum
1092 3163 1315 3227 regem
1360 3145 1672 3212 Boemiae
1711 3148 2036 3213 decedere
2070 3147 2489 3229 contingeret
2517 3148 2602 3213 ab
2635 3147 2762 3213 hac

372 3251 535 3334 vita,
594 3255 841 3316 extunc
900 3251 985 3314 ad
1045 3251 1259 3330 ipsum
1308 3249 1638 3316 dominum
1683 3251 2130 3318 marchionem
2178 3251 2518 3318 Moraviae
2572 3252 2760 3317 here-

369 3356 623 3435 desque
668 3372 825 3420 suos
884 3360 953 3420 et
997 3355 1083 3420 ad
1143 3354 1389 3421 nullum
1449 3353 1652 3420 alium
1712 3355 2013 3421 volumus
2069 3356 2316 3423 habere
2365 3361 2764 3437 respectum,

370 3457 633 3540 sibique
678 3463 999 3540 tanquam
1045 3477 1202 3524 vero
1249 3465 1319 3525 et
1365 3458 1658 3541 legitimo
1721 3461 1980 3528 domino
2041 3465 2270 3525 nostro
2331 3459 2400 3525 in
2461 3461 2760 3527 omnibus

372 3568 445 3630 et
478 3581 600 3645 per
630 3562 849 3629 omnia
880 3561 1249 3646 intendere,
1282 3582 1519 3646 parere
1553 3573 1623 3629 et
1662 3565 1932 3630 obedire
1979 3563 2268 3630 fideliter
2311 3583 2458 3630 cum
2506 3565 2763 3631 effectu.

583 3668 837 3734 Harum
853 3673 1233 3735 nostrarum
1256 3669 1637 3735 testimonio
1659 3668 2020 3736 literarum.
2043 3669 2195 3734 Dat.
2219 3687 2394 3736 anno
2419 3676 2490 3737 et
2506 3671 2614 3738 die
2633 3677 2764 3738 etc·

584 3771 796 3859 (Θήῃ.
840 3773 1017 3839 arch.
1059 3769 1191 3840 aul.
1247 3771 1593 3842 Vindobon.
1637 3811 1726 3822 —
1768 3771 2000 3841 Pelzel.
2031 3771 2186 3838 Cart
2213 3773 2324 3843 JV.
2361 3773 2514 3846 Urk.
2543 3775 2646 3842 25.
2673 3812 2762 3826 --

374 3875 529 3944 Cod.
554 3879 613 3961 j.
657 3874 714 3943 b.
758 3875 843 3944 ῙῙ.
876 3899 953 3962 p.
986 3879 1049 3961 2,
1078 3877 1222 3946 188.
1253 3915 1341 3926 -
1369 3876 1587 3942 Emler
1614 3877 1727 3945 IV.
1753 3877 1930 3955 935.)

585 4019 736 4084 182.
784 4014 1249 4100 KazimiruS,
1298 4017 1662 4088 Poloniae
1708 4040 1870 4106 reX,
1919 4039 2086 4089 cum
2131 4021 2424 4090 ‚Ioanne
2465 4039 2650 4108 rege
2683 4025 2758 4089 et

375 4118 647 4188 Car-olo
693 4117 1128 4190 marchione
1176 4126 1499 4192 renovat
1542 4124 1810 4196 foedus
1857 4123 2262 4195 amicitiae.

1250 4237 1447 4320 1341,
1496 4239 1601 4305 13.
1653 4237 1874 4307 Julii.

580 4347 641 4398 A.
684 4345 813 4398 1341
854 4344 1075 4400 domina
1113 4346 1490 4418 Margaretha,
1512 4349 1627 4404 filia
1666 4351 1816 4417 regis
1853 4351 2104 4422 Joannis,
2142 4355 2344 4409 marito
2383 4368 2482 4407 suo
2516 4353 2757 4409 Henrico

376 4427 516 4483 duce
550 4427 825 4485 Bavariee
858 4430 1092 4487 viduata
1128 4439 1189 4488 et
1224 4433 1341 4489 filio
1376 4435 1666 4504 unigenito
1704 4437 1896 4494 dehac
1923 4437 2042 4493 vita
2069 4439 2308 4510 sublato,
2333 4441 2492 4496 venit
2515 4441 2758 4512 Pragam
