3288 4973
310 7 600 26 ——u-—vr-
619 7 624 9 .
652 7 663 10 -
674 7 706 12 ,.

1398 323 1781 385 —267—

609 524 901 591 Karolus
930 525 1008 591 D.
1043 545 1138 609 gr.
1172 525 1613 593 Romanorum
1646 546 1764 593 rex
1797 544 2056 608 semper
2087 529 2406 608 augustus
2437 529 2508 590 et
2541 524 2614 590 Β.
2647 541 2783 590 rex.

608 629 713 694 Ad
765 634 1150 711 perpetuam
1196 628 1297 698 rei
1340 632 1736 698 memoriam.

603 733 848 801 Innata
895 734 1079 800 cordi
1127 741 1353 800 nostro
1408 734 1792 816 benignitas
1857 733 2038 801 circa
2099 733 2388 802 fidelium
2453 739 2523 799 et
2581 734 2778 798 devo-

400 843 607 904 torum
651 843 1028 905 nostrorum
1060 838 1345 904 honores
1380 846 1451 906 et
1482 840 1818 906 commoda
1850 837 2185 906 continuis
2219 837 2482 904 intenta
2511 834 2782 920 vigiliis,

400 940 573 1008 votis
620 943 909 1025 ipsorum
956 961 1251 1009 annuere
1290 945 1547 1028 jugiter
1592 950 1662 1010 et
1708 944 2102 1026 propensius
2149 961 2268 1010 nos
2319 942 2592 1020 inducit,
2626 958 2780 1021 quo·

400 1048 573 1112 tiens
606 1047 1019 1128 poscentium
1047 1067 1175 1113 vox
1202 1054 1308 1113 est
1331 1049 1545 1131 Justa3
1577 1049 1648 1114 in
1682 1048 1807 1114 hoc
1840 1046 2010 1115 enim
2043 1046 2472 1114 liberalitatis
2506 1050 2780 1112 nostrae

396 1170 523 1217 non
594 1159 779 1218 errat
850 1153 1153 1232 intentio,
1224 1155 1341 1220 sed
1408 1153 1658 1236 regalis
1727 1151 1978 1234 sceptri
2047 1151 2390 1236 fastigium
2459 1149 2779 1218 extollere

396 1255 762 1323 salubriter
806 1257 1191 1322 arbitratur.
1240 1258 1417 1324 Sane
1464 1258 1547 1324 ad
1587 1263 1860 1323 nostrae
1912 1257 2328 1324 celsitudinis
2365 1253 2781 1324 venerabiles

395 1361 936 1442 archiepiscopus
951 1361 1329 1446 Pragensis,
1349 1360 1824 1444 olomucensis,
1841 1360 2425 1428 wratislaviensis
2443 1367 2513 1429 et
2528 1360 2782 1426 Lutho-

397 1465 878 1532 muschelensis
924 1467 1241 1548 episcopi,
1297 1483 1553 1532 necnon
1614 1467 1913 1534 illustres
1973 1467 2318 1534 ‹lohannes
2383 1463 2780 1532 Karinthiae

395 1588 746 1651 comesque
816 1570 1079 1653 'Pyrolis
1140 1575 1209 1636 et
1270 1570 1599 1652 Goriciae‚
1669 1589 2025 1654 germanus
2089 1579 2320 1638 noster
2381 1569 2786 1652 carissimuS,

400 1673 715 1742 Nicolaus
764 1673 1062 1756 Opaviae
1109 1681 1179 1742 et
1222 1675 1633 1755 Ratiboriae,
1681 1677 1883 1742 Bolco
1918 1674 2314 1758 opuliensis‚
2347 1672 2784 1742 wenceslaus

394 1779 673 1860 Sleziae,
722 1779 923 1845 Bolco
958 1779 1238 1863 sleziae,
1270 1781 1654 1847 Kazimirus
1687 1779 2179 1864 TeschinensiS,
2211 1779 2546 1847 Henricus
2579 1779 2780 1859 Saga-

392 1882 621 1951 nensis
690 1889 763 1948 et
827 1883 1173 1950 Johannes
1244 1885 1503 1952 Sleziae
1564 1886 1786 1966 duces,
1853 1885 2148 1951 Jodocus
2209 1887 2292 1951 de
2349 1883 2782 1966 Rosemberg,

394 1986 789 2054 wilhelmus
822 1989 903 2053 de
935 1987 1324 2071 Landstein,
1366 1990 1722 2055 Bertoldus
1756 1995 1821 2054 et
1857 1990 2122 2055 Czenko
2156 1990 2237 2055 de
2270 1987 2487 2070 Lippa
2513 1987 2784 2068 fratreS,

396 2093 658 2158 Wanko
722 2095 792 2158 et
852 2093 1218 2159 Benescius
1280 2095 1361 2159 de
1408 2094 1871 2175 Vartemberg,
1927 2093 1974 2158 J
1977 2113 2130 2159 esco
2183 2097 2266 2159 de
2315 2090 2778 2174 Michelsberg,

394 2196 609 2263 Hinco
658 2198 741 2262 de
788 2196 1082 2278 Nachod,
1145 2200 1346 2264 Jesco
1410 2201 1492 2265 de
1552 2199 2038 2280 Wartemberg,
2097 2198 2314 2264 Hinco
2375 2198 2458 2263 de
2522 2195 2784 2277 Sleven,

396 2300 665 2368 Ulricus
712 2306 783 2366 et
826 2301 1159 2368 Henricus
1202 2301 1376 2370 filius
1409 2302 1552 2368 eius
1586 2304 1668 2367 de
1701 2302 2101 2385 Novadomo,
2133 2302 2179 2367 J
2181 2319 2336 2368 esco
2368 2302 2450 2367 de
2483 2300 2786 2383 Grawar,

394 2405 777 2488 Stephanus
842 2407 927 2471 de
997 2405 1465 2472 Steremberch
1532 2410 1604 2472 et
1661 2405 2010 2472 Jeroslaus
2072 2408 2153 2472 de
2215 2405 2642 2490 Sternberch,
2703 2424 2780 2471 ac

398 2511 651 2579 caeteri
702 2511 1005 2593 praelati,
1050 2514 1272 2593 1111663,
1322 2512 1677 2597 principes,
1722 2516 2026 2596 barones,
2074 2531 2384 2594 proceres
2426 2517 2498 2578 et
2527 2509 2784 2577 nobiles

399 2616 593 2700 regni
638 2617 856 2682 nostri
904 2616 1231 2699 Boemiae,
1282 2618 1733 2699 praesentiam
1773 2619 2194 2701 accedenteS,
2225 2617 2414 2684 nobis
2444 2613 2785 2682 humiliter

392 2720 877 2802 supplicarunt,
925 2723 1116 2801 quod,
1164 2739 1309 2787 cum
1356 2722 1646 2788 ecclesia
1691 2722 2051 2806 Pragensis
2112 2741 2234 2803 per
2291 2720 2783 2789 sanctissimum

397 2830 677 2908 patrem,
701 2825 1031 2892 dominum
1066 2827 1488 2910 Clementem,
1521 2826 1749 2893 divina
1781 2828 2206 2909 providentia
2237 2846 2474 2909 papam
2507 2830 2789 2905 sextum,

389 2932 475 2997 ad
522 2930 758 3012 nostri,
804 2931 955 2995 dum
1004 2948 1299 3003 essemus
1345 2930 1415 2996 in
1458 2930 1820 2999 minoribus
1870 2929 2244 3016 constituti,
2289 2930 2678 2997 instantiam
2711 2936 2782 2995 et

387 3038 793 3117 requestam,
838 3034 907 3101 in
952 3033 1529 3118 metropolitanam
1577 3035 1924 3102 ecclesiam
1973 3054 2118 3102 cum
2168 3034 2578 3116 plenitudine
2609 3034 2778 3120 juris

392 3137 867 3221 metropolitici
920 3139 1223 3205 exaltata
1284 3140 1489 3205 fuerit
1549 3144 1621 3206 et
1680 3144 1926 3223 erecta,
1986 3148 2062 3204 ut
2117 3139 2390 3223 regibus
2451 3139 2779 3220 Boemiae,

390 3243 567 3324 quod
614 3240 747 3323 ipsi
790 3243 873 3309 de
921 3248 1189 3310 caetero
1236 3262 1470 3309 sacrae
1516 3244 1852 3311 unctionis
1899 3247 1969 3309 et
2000 3242 2446 3310 coronationis
2477 3241 2779 3310 solennia

390 3365 507 3428 per
552 3363 791 3414 manus
836 3346 1321 3429 archiepiscopi
1370 3348 1730 3428 Pragensis
1763 3347 2060 3413 moderni
2091 3364 2485 3427 suorumque
2517 3364 2777 3413 succes-

386 3468 631 3533 sorum,
676 3450 1325 3533 archiepiscoporum
1374 3451 1833 3536 Pragensium,
1893 3450 1960 3516 in
2025 3454 2417 3532 perpetuum
2477 3452 2777 3533 recipere

386 3555 679 3645 valeant,
726 3553 1075 3637 indulgere
1122 3559 1193 3621 et
1240 3559 1605 3623 concedere
1655 3554 2023 3622 liberaliter
2067 3554 2513 3639 dignaremur.

597 3658 737 3725 Nos
806 3658 1035 3739 utique
1096 3664 1363 3725 attenta
1426 3661 1753 3726 ecclesiae
1816 3660 2176 3743 Pragensis
2237 3659 2647 3727 exaltatione
2711 3666 2780 3727 et

386 3762 729 3829 erectione
776 3762 1103 3845 praefata,
1168 3783 1295 3830 non
1340 3768 1591 3845 absque
1653 3764 1932 3847 provida
1991 3764 2544 3847 consideratione,
2605 3767 2779 3845 quod

386 3868 469 3933 de
504 3868 662 3951 jure
710 3866 983 3933 creandi
1028 3874 1183 3933 sunt
1228 3869 1311 3934 de
1358 3869 1505 3935 vico
1554 3868 1780 3950 populi
1844 3869 2294 3952 magistratuS,
2354 3872 2658 3950 quodque
2719 3868 2774 3934 si

386 3970 931 4053 archiepiscopus
976 3972 1510 4055 Moguntinensis
1556 3974 1642 4039 ad
1692 3973 1938 4039 dictam
1984 3977 2339 4041 accederet
2369 3974 2778 4058 Pragensem

386 4073 739 4142 ecclesiam
803 4092 919 4156 pro
976 4076 1175 4142 dictis
1238 4094 1472 4143 sacrae
1529 4077 1862 4143 unctionis
1924 4084 1994 4144 et
2053 4077 2501 4144 coronationis
2563 4077 2776 4144 solen-

384 4178 594 4263 nibuS,
643 4176 965 4245 offerente
1012 4198 1087 4246 se
1132 4198 1311 4263 casu,
1372 4181 1547 4247 sicut
1606 4182 1886 4264 solebat,
1945 4186 2102 4248 ante
2165 4181 2639 4249 exaltationem
2705 4187 2776 4249 et

382 4284 791 4356 erectionem
859 4282 1251 4375 huiusmodi,
1322 4304 1449 4354 non
1524 4285 1672 4358 leve
1735 4284 2258 4373 archiepiscopis
2321 4288 2774 4375 Pragensibus
