3288 4973
1542 380 1928 463 —188—

752 608 835 673 Et
879 610 961 672 ad
1010 606 1395 688 ampliorem
1446 607 1934 695 praedictorum
2003 606 2434 673 securitatem
2483 612 2550 673 et
2599 606 2916 673 cautelam

537 719 773 795 sponte
822 718 891 777 et
938 712 1307 778 deliberato
1356 711 1571 777 animo
1616 730 1738 777 nos
1785 712 2149 793 obligamus
2211 718 2280 775 et
2339 712 2785 777 submittimus
2844 712 2920 775 ad

537 836 815 899 poenam
865 815 1248 881 sentenciae
1298 816 1989 881 excommunicationis
2053 834 2357 881 camerae
2406 814 2654 881 domini
2697 832 2920 897 papae,

535 940 723 1003 quam
787 939 906 985 nos
978 924 1047 985 et
1116 920 1383 985 inclitus
1460 920 1750 985 Karolus
1830 918 2122 985 marchio
2198 920 2374 1002 Mor„
2453 919 2918 1002 primogenitus

534 1024 764 1091 noster
808 1024 1209 1107 cai-issimu8‚
1256 1029 1373 1089 aut
1418 1024 1532 1089 alii
1582 1024 1794 1089 nostri
1839 1026 2121 1091 heredes
2170 1029 2240 1089 et
2287 1042 2728 1105 successoreS,
2773 1022 2909 1103 ipso

536 1130 714 1195 facto
776 1128 1073 1197 volumus
1134 1128 1477 1193 incurrere
1541 1135 1609 1192 et.
1673 1129 1817 1209 ipsa
1880 1128 2224 1195 sentencia
2291 1128 2504 1212 ligari,
2567 1126 2624 1193 si
2693 1134 2920 1193 contra

538 1234 949 1315 praedictam
995 1239 1291 1297 nostram
1338 1232 1856 1313 promissionem.
1909 1232 2100 1299 fidem
2133 1239 2204 1297 et
2241 1234 2690 1315 juramentum
2737 1250 2915 1313 prae·

536 1336 767 1404 stitum
812 1354 1115 1417 umquam
1160 1334 1384 1403 facere
1430 1342 1547 1402 aut
1596 1336 1824 1402 venire
1873 1341 2444 1417 attemptaremus,

746 1441 1103 1508 Praefatus
1152 1441 1352 1507 etiam
1401 1440 1708 1525 KaroluS,
1775 1440 2252 1523 primogenitus
2301 1452 2546 1523 noster,
2607 1442 2728 1506 sub
2777 1440 2924 1507 fidei

539 1566 699 1615 suae
744 1546 1042 1628 puritate
1101 1545 1407 1627 promisit
1452 1544 1764 1612 similiter
1809 1552 1878 1610 et
1925 1544 2192 1627 iuravit,
2239 1544 2297 1609 si
2345 1544 2545 1629 (quod
2591 1544 2798 1620 absit)
2845 1546 2924 1609 de

539 1654 663 1718 hoc
710 1651 922 1717 medio
970 1650 1370 1733 tolleremur,
1420 1650 1635 1715 omnia
1701 1650 2045 1731 praedicta
2109 1650 2464 1715 attendere
2525 1655 2593 1715 et
2655 1648 2922 1715 inviola-

540 1758 769 1823 biliter
815 1758 1199 1822 observare.

742 1862 822 1927 In
870 1858 1057 1926 cuius
1115 1859 1212 1925 rei
1261 1860 1714 1925 testimonium
1763 1857 2232 1941 praesentibus
2283 1862 2580 1925 nostrum
2638 1856 2918 1940 sigillum

543 1969 647 2031 est
694 1982 1077 2045 appensum.

746 2068 837 2135 Et
884 2086 1001 2133 nos
1050 2068 1337 2134 Karolus
1402 2069 1696 2135 marchio
1747 2070 1848 2151 M„
1905 2068 2384 2150 primogenitus
2447 2066 2692 2133 domini
2754 2066 2922 2149 regis

536 2172 847 2239 Boemiae
893 2173 1239 2257 praedicti,
1290 2174 1506 2238 omnia
1553 2178 1623 2238 et
1669 2172 1934 2257 singula
1991 2174 2452 2255 suprascripta
2509 2170 2920 2253 promisimus

536 2280 704 2343 bona
751 2278 897 2359 fide,
946 2275 1381 2359 corporaliter
1426 2277 1753 2357 praestito
1792 2279 2192 2361 Juramento,
2235 2276 2688 2343 sacrosanctis
2725 2275 2920 2341 tactis

541 2381 925 2465 evangeliis,
989 2381 1249 2448 illibata
1311 2383 1672 2448 observare
1739 2388 1808 2449 et
1855 2387 2245 2449 constanter
2307 2380 2673 2462 custodire3
2747 2388 2816 2447 et
2871 2378 2926 2445 si

538 2505 845 2567 umquam
890 2505 1083 2553 secus
1129 2486 1516 2572 faceremuS,
1566 2495 1810 2554 extunc
1859 2488 2157 2554 volumus
2207 2488 2618 2554 sentenciam
2673 2503 2923 2552 excom-

538 2590 1005 2658 municationis
1036 2611 1339 2658 camerae
1374 2592 1619 2658 domini
1653 2611 1883 2675 papae,
1917 2611 2113 2674 quam
2157 2593 2224 2658 in
2256 2610 2376 2658 nos
2409 2596 2646 2674 sponte
2681 2596 2923 2658 extunc

536 2694 827 2777 fe1·imuS‚
874 2697 1016 2777 ipso
1064 2695 1243 2762 facto
1293 2697 1675 2762 incurrisse.

752 2799 999 2866 Harum
1049 2801 1502 2868 testimonium
1548 2801 1919 2884 literarum,
1981 2801 2216 2885 quibus
2283 2801 2572 2884 sigillum
2633 2811 2925 2868 nostrum

550 2922 681 2970 una
740 2923 887 2970 cum
948 2905 1161 2987 sigillo
1226 2905 1388 2972 dicti
1453 2909 1511 2973 (1.
1578 2906 1902 2988 genitoris
1963 2905 2545 2974 nostri-iussimus
2589 2902 2928 2988 applicari.

748 3043 992 3108 Datum
1038 3045 1299 3126 Pragae
1342 3045 1511 3112 feria
1559 3047 1764 3112 tert-ia
1811 3045 1988 3113 infra
2049 3053 2329 3112 octavas
2389 3031 2549 3112 festi
2615 3043 2922 3127 Corporis

546 3147 799 3212 Christi
844 3165 899 3214 a.
949 3149 1241 3214 eiusdem
1290 3151 1479 3216 1339.

748 3285 871 3372 (A.
914 3285 1013 3356 Κ.
1058 3318 1144 3335 ·-
1192 3284 1371 3373 Chyt.
1428 3288 1565 3357 Vll.
1612 3292 1759 3357 237.
1804 3329 1890 3340 —
1939 3289 2095 3357 Eml.
2143 3290 2184 3352 I
2195 3289 2252 3357 V.
2297 3287 2474 3376 693.)

749 3481 899 3547 168.
953 3477 1311 3548 Nicolaus
1380 3479 1730 3550 Winklcr
1787 3482 1986 3552 bona
2045 3501 2206 3566 sua,
2268 3501 2368 3551 sc.
2408 3479 2784 3567 oppidum
2847 3479 2920 3546 et

543 3580 1032 3650 munitionem
1088 3581 1535 3670 Valkenaw‚
1584 3589 1662 3654 ct
1705 3604 1896 3672 quac
1945 3584 2024 3654 in
2067 3584 2352 3654 iudicio
2399 3603 2540 3652 suo
2600 3583 2920 3670 Lompez

542 3683 1005 3754 hereditarie
1054 3685 1303 3772 habet,
1355 3687 1432 3756 in
1482 3689 1693 3776 regis
1741 3689 2062 3760 sommis
2102 3709 2366 3758 manus
2399 3687 2804 3775 resignans
2837 3705 2920 3756 ea

544 3787 637 3858 ab
685 3788 854 3873 ipso
901 3788 982 3857 in
1026 3789 1327 3860 feudum
1379 3793 1677 3880 recipit.

752 3925 878 3982 List
944 3926 1219 3984 Mikulase
1283 3929 1591 4002 Winklara,
1667 3939 1732 3987 ze
1803 3931 1946 3986 krali
2015 3931 2218 3988 Janovi
2267 3933 2528 3986 coskemu
2581 3949 2615 3986 a
2671 3929 2919 3986 buducim

546 4014 759 4068 kralom
797 4015 1017 4082 ccskym
1054 4015 1185 4071 sebe
1220 4017 1237 4068 i
1276 4018 1467 4073 dedice
1504 4023 1601 4074 sve
1640 4035 1667 4072 s
1704 4022 2041 4076 mesteckem
2078 4019 2417 4074 Valknovis
2438 4018 2678 4088 rychtou
2714 4019 2922 4088 podera

548 4113 607 4154 se
646 4099 683 4152 k
718 4099 850 4155 lenu
886 4101 906 4154 i
944 4105 1152 4170 vsecky
1190 4103 1381 4159 dedice
1418 4105 1439 4159 i
1480 4107 1714 4160 drzitele
1753 4109 2000 4174 potomni
2037 4110 2190 4161 1339.

1226 4228 1423 4312 1333,
1470 4229 1531 4295 3.
1580 4227 1821 4297 Junii.
1868 4229 2255 4316 (Pi-agae.)
2311 4186 2340 4222 ''

756 4362 878 4448 (A.
924 4361 1019 4431 Κ.
1070 4399 1151 4410 -
1198 4363 1340 4426 Emc
1386 4365 1497 4433 JV.
1544 4368 1715 4435 Αᾱᾱ.
1761 4367 1979 4455 2061.)
