3288 4973
2578 6 3218 179 '‘*WW

1532 362 1918 428 —219—

536 568 804 637 Christo
850 563 1027 635 filins
1086 574 1340 653 noster,
1404 566 1453 635 J
1454 586 1726 653 oannes,
1798 586 1918 636 rex
1981 564 2294 637 Boemiae
2351 560 2656 649 illustris,
2715 556 2921 632 certis

538 675 761 741 causis
836 674 1347 741 rationabilibus
1414 674 1878 759 suadentibus,
1947 676 2264 741 dilectum
2337 674 2562 755 filium,
2635 670 2920 737 nobilem

538 780 751 847 virum
810 778 1135 862 Carolnm,
1194 778 1702 861 primogenitum
1779 797 1982 861 suum,
2051 780 2500 845 marchionem
2559 774 2922 855 Moraviae,

534 884 845 966 proponit
918 882 987 947 in
1054 900 1279 967 regem
1352 882 1579 948 facere
1653 883 1966 949 Boemiae
2039 882 2364 950 coronari.
2439 882 2688 947 Verum
2765 877 2920 959 quia

536 987 877 1054 coronatio
922 993 995 1053 et
1039 986 1337 1053 inunctio
1382 986 1565 1071 regis
1609 994 1684 1053 et
1729 986 2002 1070 reginae
2057 988 2388 1070 Boemiae,
2431 987 2544 1066 qui
2596 990 2755 1051 sunt
2801 1000 2920 1065 pro

535 1100 857 1175 tempore,
926 1092 1013 1156 ad
1086 1089 1655 1174 archiepiscopum
1725 1092 2198 1174 Moguntinum,
2264 1093 2378 1172 qui
2441 1109 2562 1173 pro
2605 1098 2926 1171 tempore,

538 1196 793 1279 existit,
840 1198 923 1262 de
968 1195 1247 1275 antiqua
1290 1200 1363 1261 et
1394 1198 1768 1277 approbata
1797 1196 2276 1263 consuetudine
2309 1195 2554 1261 dicitnr
2583 1192 2923 1277 pertinere

538 1319 619 1367 ac
660 1299 871 1367 omnis
894 1300 1279 1383 jurisdictio
1309 1307 1379 1365 et
1410 1300 1782 1367 auctoritas
1813 1300 2092 1367 Henrici
2121 1300 2610 1383 archiepiscopi
2646 1298 2922 1379 Mogun-

539 1402 663 1471 tini
712 1403 853 1488 (qui
898 1405 1223 1470 adversus
1280 1404 1493 1470 Deum
1554 1412 1625 1470 et
1683 1412 1986 1471 sanctam
2044 1405 2408 1471 Romanam
2463 1402 2832 1484 ecclesiam,
2877 1420 2924 1465 a

540 1528 667 1589 qua
712 1508 997 1573 honores
1042 1514 1113 1573 et
1158 1508 1481 1575 beneficia
1526 1509 1918 1592 multiplicia
1963 1510 2302 1593 recepisse
2347 1507 2780 1592 dignoscitur,
2845 1524 2928 1571 se

538 1612 889 1679 obnoxium
968 1611 1261 1679 reddidit
1328 1620 1399 1679 et
1464 1613 1826 1699 ingratum)
1899 1632 2018 1695 per
2081 1632 2436 1696 processus
2517 1610 2928 1693 apostolicos

541 1716 685 1798 eJus
731 1716 1075 1783 demeritis
1120 1718 1543 1799 exigentibus
1589 1719 1899 1785 totaliter
1957 1726 2066 1785 est
2109 1735 2452 1801 suspensa,
2512 1736 2638 1783 nec
2697 1720 2930 1799 potest

540 1820 751 1901 ipsius
782 1821 963 1903 regis
994 1822 1409 1904 propositum
1440 1822 1587 1889 sine
1615 1824 2042 1906 providentia
2069 1823 2250 1890 sedis
2279 1822 2688 1904 apostolicae
2719 1821 2928 1887 adim·

540 1926 742 2007 pleri:
788 1944 929 2008 noa,
960 1924 1074 2006 qui
1104 1928 1345 1992 bonum
1374 1932 1623 1993 statum
1655 1929 1836 2011 regis
1867 1948 1947 1994 ac
1981 1927 2405 2011 primogeniti
2435 1926 2928 2009 praedictorum

540 2048 621 2095 ac
668 2028 853 2111 regni
902 2028 1215 2095 Boemiae
1260 2030 1595 2115 diligimus
1642 2037 1712 2097 et
1757 2032 2074 2099 honorem
2119 2032 2424 2098 volentes
2467 2031 2536 2097 in
2568 2031 2696 2097 hac
2726 2035 2926 2111 parte

540 2151 663 2215 per
708 2132 913 2214 ipsius
960 2134 1139 2199 sedis
1186 2134 1672 2216 providentiam
1717 2142 2156 2217 opportunum
2205 2134 2564 2203 remedium
2601 2134 2926 2201 adhibere

539 2258 620 2303 00
689 2239 770 2302 de
840 2244 999 2303 11100
1066 2236 1686 2320 circumspectionis
1754 2240 2086 2306 industria
2153 2240 2416 2322 plenam
2495 2238 2564 2305 111
2643 2238 2924 2305 Ι)01111110

541 2342 847 2408 fiduciam
894 2342 1295 2425 obtinenteS‚
1324 2343 1777 2409 Fraternitati
1809 2352 1984 2426 tuae,
2030 2350 2108 2410 ut
2137 2344 2382 2410 dictum
2417 2342 2925 2425 primogenitum

542 2446 611 2512 in
675 2464 895 2529 regem
956 2454 1027 2514 et
1094 2447 1405 2514 dilectam
1472 2450 1541 2515 in
1610 2449 1876 2515 Christo
1945 2449 2164 2534 filiam,
2231 2448 2520 2515 nobilem
2585 2447 2928 2515 mulierem

544 2552 879 2634 mancam,
926 2569 1114 2618 suam
1160 2559 1555 2636 consortem,
1600 2553 1670 2620 in
1716 2555 2012 2637 reginam
2062 2555 2390 2636 Boemiae‚
2438 2555 2523 2619 ad
2561 2555 2685 2618 1100
2718 2553 2930 2634 ipsius

544 2657 724 2742 regis
750 2658 1116 2723 accedente
1149 2675 1495 2734 consensu,
1527 2659 1654 2724 hac
1685 2659 1833 2726 vice
1873 2660 2280 2725 auctoritate
2326 2656 2694 2740 apostolica
2741 2656 2930 2722 inun-

544 2780 701 2844 gere
747 2765 819 2826 et
862 2779 1184 2828 coronare
1229 2762 1298 2827 in
1344 2769 1461 2827 tna
1518 2763 1845 2845 Pragensi
1902 2763 2186 2830 ecclesia
2245 2763 2477 2830 valeas
2521 2761 2720 2844 Juxta
2775 2780 2928 2828 con·

543 2866 963 2932 suetudinem
1008 2873 1079 2932 et
1124 2867 1692 2948 solemptnitatem
1739 2868 1808 2934 in
1855 2868 2102 2934 talibus
2146 2870 2474 2934 hactenus
2509 2869 2926 2948 observataS,

543 2970 950 3037 auctoritate
974 2970 1337 3054 praedicta,
1364 2975 1596 3038 tenore
1617 2973 2070 3054 praesentium
2090 2973 2394 3039 duximus
2417 2973 2925 3039 concedendum.

750 3075 884 3142 Per
940 3076 1063 3141 hoc
1124 3082 1348 3142 autem
1408 3077 1736 3144 ecclesiae
1799 3077 2226 3160 Moguntinae
2285 3097 2364 3144 00
2426 3077 2928 3143 successoribus

544 3181 836 3264 ejusdem
914 3179 1211 3262 Hem-ici,
1286 3179 1810 3263 archiepiscopis
1887 3182 2316 3265 MoguntiniS,
2378 3179 2490 3262 qui
2549 3189 2748 3246 erunt
2809 3199 2928 3263 pro

540 3291 857 3365 tempore,
932 3283 999 3349 in
1062 3284 1446 3350 obedientia
1506 3289 1577 3351 et
1640 3283 1994 3350 devotione
2055 3289 2286 3350 nostra
2347 3290 2417 3350 et
2477 3301 2931 3350 successorum

544 3395 918 3454 nostrorum
966 3407 1045 3453 ac
1093 3387 1304 3469 ipsius
1351 3389 1691 3455 Romanae
1739 3389 2066 3456 ecclesiae
2112 3387 2647 3471 persistentibus,
2680 3389 2926 3455 nullum

542 3494 843 3559 volumus
889 3493 957 3558 in
1006 3493 1388 3574 praemissis
1437 3493 1864 3575 imposterum
1915 3493 2390 3576 praejudicium
2438 3493 2768 3576 generari.

752 3595 930 3661 Nulli
980 3613 1135 3678 ergo
1183 3601 1310 3662 etc.

752 3733 1001 3800 Datum
1047 3731 1381 3801 Avinione
1426 3735 1523 3801 Id.
1572 3733 1714 3801 001.
1765 3734 1988 3817 pontif
2027 3735 2172 3802 VII.

752 3871 1061 3958 (Goldaet
1081 3869 1321 3958 Suppl.
1346 3875 1447 3939 27.
1475 3909 1555 3921 —-
1586 3873 1828 3937 Balbin
1851 3873 2034 3940 Misc.
2057 3875 2108 3941 L
2137 3874 2237 3940 Vl.
2259 3873 2626 3938 —EmlerI
2639 3873 2695 3941 V.
2715 3875 2927 3960 1023.)

752 4115 903 4183 198.
988 4113 1040 4184 J
1042 4133 1325 4184 oannes
1400 4135 1537 4184 rex
1614 4115 1979 4200 declarat,
2045 4116 2275 4187 duces
2343 4115 2704 4186 Austriae
2781 4139 2928 4188 11011

544 4215 791 4286 teneri
868 4221 1272 4304 praetextu
1346 4219 1938 4292 renuntiationis
2015 4219 2470 4290 Kal-inthiae
2547 4221 2616 4290 X
2688 4221 2926 4292 millia

546 4340 969 4391 marcarum
1016 4321 1257 4392 eidem
1304 4324 1605 4395 solvere
1653 4327 1780 4402 vel
1823 4327 2149 4413 pignora
2182 4325 2340 4395 Laa
2370 4329 2447 4396 et
2477 4322 2919 4396 Waidhofen
