3288 4973
1477 334 1821 403 *ηδ-

442 536 628 607 posito
665 536 951 593 Friderico
1003 538 1142 595 duce
1179 545 1462 613 Austriae,
1513 536 1733 597 Rudolfl
1772 536 1976 598 mortui
2013 546 2209 606 fratre,
2262 554 2493 601 vocatus
2532 554 2618 603 est
2656 544 2827 605 Hein-

440 626 611 695 ricus‚
649 626 758 681 dux
799 626 1148 686 Karinthiae.
1189 638 1366 705 (1307,
1409 638 1486 691 15.
1525 633 1693 702 Aug.)

653 728 788 793 Nos
835 728 1050 795 Hinco
1099 732 1184 797 de
1207 732 1634 799 Przibislaws
1685 730 1943 795 domino
1978 730 2314 813 Heinrioo,
2360 732 2715 799 Bohemiae
2762 739 2833 799 et

443 830 760 897 Poloniae
809 832 972 916 regi,
1019 834 1421 903 Karinthiae
1466 836 1620 902 duci
1667 841 1738 901 et
1785 835 2009 901 comiti
2056 835 2315 919 Tirolis,
2362 838 2443 901 de
2491 836 2817 903 fidelitate

441 932 574 1000 sibi
634 942 704 1000 et
761 936 1116 1005 heredibus
1181 942 1320 1007 suis
1383 940 1627 1007 futuris
1704 957 1825 1021 per
1898 958 2017 1004 nos
2097 942 2429 1006 servanda
2497 946 2820 1023 perpetuo

440 1050 673 1106 nostro
742 1046 813 1107 et
879 1042 1194 1109 heredum
1255 1051 1633 1111 nostrorum
1694 1044 1953 1109 nomine
2014 1042 2471 1125 praestitimus
2536 1045 2827 1112 debitum

442 1151 950 1230 sacramentum,
1009 1150 1478 1229 promittentes
1538 1151 1667 1214 fide
1728 1150 1886 1213 data
1932 1148 2192 1214 nomine
2230 1148 2605 1231 Jummenti,
2652 1152 2826 1229 quod

441 1246 576 1329 ipsi
621 1248 880 1316 domino
938 1251 1086 1335 regi
1132 1258 1202 1317 et
1242 1253 1602 1319 heredibus
1650 1252 1789 1317 suis
1836 1256 2159 1334 perpetuo
2210 1252 2439 1319 fideles
2487 1258 2557 1319 et
2604 1254 2825 1319 obedi-

439 1358 636 1418 entes
683 1372 834 1420 esse
879 1356 1201 1437 volumuS‚
1247 1356 1580 1437 nichilque
1627 1362 1862 1421 contra
1926 1374 2039 1423 eos
2095 1374 2399 1437 umquam
2468 1362 2825 1439 attempta·

441 1456 656 1524 bimus
719 1459 826 1525 vel
871 1458 1193 1526 faciemus
1255 1463 1460 1527 verbo
1508 1460 1616 1526 vel
1660 1458 1864 1542 facto,
1911 1459 2175 1541 publice
2222 1459 2327 1527 vel
2377 1462 2659 1545 occulte,
2705 1465 2822 1528 sed

434 1561 660 1642 potius
705 1562 866 1643 ipsis
915 1566 1363 1631 adhaerentes
1397 1583 1511 1631 eos
1535 1570 1678 1629 toto
1712 1584 1907 1646 posse
1941 1570 2175 1631 contra
2198 1583 2450 1631 omnem
2481 1565 2825 1649 hominem,

433 1668 962 1749 quandocunque
1027 1673 1096 1735 et
1157 1668 1682 1749 quotiescunque
1729 1668 1919 1734 nobis
1966 1670 2403 1751 mandaverit,
2440 1668 2821 1751 ,iuvabimus

431 1770 740 1837 fideliter.
829 1770 1076 1837 Datum
1159 1772 1226 1837 in
1300 1774 1572 1839 Colonia
1648 1790 1703 1839 a.
1782 1772 1861 1839 D.
1940 1778 2124 1856 1307,
2206 1773 2319 1838 VI.
2380 1772 2591 1839 Nonis
2656 1772 2821 1856 Oct„

436 1874 664 1941 indict.
709 1876 822 1941 VI.

638 1978 856 2060 (Ar-ch.
901 1978 968 2046 S.
1025 1979 1231 2047 Wenc.
1277 2016 1362 2029 -—
1411 1980 1628 2047 Emlor
1674 1980 1785 2067 IL,
1831 1982 2047 2063 2148.)

643 2135 706 2203 5.
741 2135 1077 2206 Litterae
1121 2137 1481 2209 nobilium
1519 2134 1901 2207 Moraviae
1931 2135 2103 2207 duci
2134 2136 2495 2207 Austriae
2526 2135 2819 2207 missae.

1233 2238 1456 2327 1307,
1506 2241 1627 2310 31.
1679 2240 2032 2327 Augusti.

634 2351 859 2408 Nobiles
897 2354 1312 2410 marchionatus
1337 2353 1623 2409 Moraviae
1663 2353 1986 2423 significant
2010 2353 2224 2408 litteris
2243 2354 2363 2407 dd0.
2386 2355 2633 2423 31.Aug.
2658 2358 2813 2424 1307,

425 2454 486 2494 se
523 2441 801 2508 recepisse
851 2459 884 2496 a
917 2440 1206 2497 Friderico
1265 2442 1402 2498 duce
1441 2442 1707 2498 Austriae
1746 2441 2017 2510 quoddam
2054 2439 2427 2512 privilegium,
2466 2441 2611 2509 quod
2646 2441 2811 2497 nulli-

426 2527 574 2581 unde
622 2529 903 2596 reperitur
940 2534 999 2583 et
1036 2528 1194 2599 cujus
1232 2535 1394 2583 tenor
1431 2530 1657 2598 penitus
1698 2535 1786 2583 est
1822 2528 2061 2600 ignotus
2089 2527 2277 2583 Verba.
2312 2527 2631 2584 litterarum
2668 2544 2810 2598 quae

425 2613 534 2668 huc
571 2614 838 2686 attinent,
877 2621 1010 2671 sunt
1047 2615 1376 2684 sequentia:

637 2721 1110 2804 „Serenissimo
1138 2723 1420 2805 principi
1443 2727 1512 2788 et
1535 2722 1795 2788 domino
1820 2740 1937 2787 suo
1962 2719 2323 2804 carissimo,
2354 2719 2811 2805 D.Frideri00,

425 2825 579 2893 duci
603 2825 922 2894 Austriae
954 2831 1024 2894 et
1056 2827 1345 2911 Styriae,
1391 2826 1650 2892 domino
1678 2825 2042 2908 carniolae,
2068 2824 2409 2891 Marchiae
2432 2843 2511 2890 ac
2536 2825 2810 2892 Portus-

421 2929 482 2996 N
486 2932 694 3014 aoniS,
751 2932 1050 2999 Joannes
1113 2931 1570 2998 Olomucensis
1619 2929 1992 3013 episcopus,
2077 2947 2333 2996 necnon
2398 2929 2806 2995 universitas

424 3035 742 3101 nobilium
787 3043 1016 3102 terrae
1061 3034 1403 3102 Moraviae
1452 3088 1464 3101 .
1514 3087 1526 3101 .
1574 3087 1588 3100 .

629 3141 800 3223 Mag.
851 3140 928 3206 V.
997 3159 1146 3206 cum
1213 3139 1440 3206 debita
1513 3139 1896 3206 reverentia
1965 3142 2035 3204 et
2104 3138 2351 3203 honore
2414 3139 2501 3204 ad
2562 3139 2803 3204 uberes

417 3242 788 3329 gratiarum
847 3245 1258 3327 assurgimus
1328 3243 1624 3309 actiones
1694 3260 1811 3323 pro
1868 3261 1963 3322 e0,
2026 3243 2198 3320 quod
2262 3240 2515 3307 nobiles
2578 3249 2801 3308 terrae

417 3352 711 3433 nostrae,
779 3347 894 3428 qui
947 3348 1218 3414 fuerunt
1287 3347 1352 3414 in
1413 3353 1681 3413 nostrae
1743 3345 2099 3428 legationis
2175 3344 2389 3411 officio
2466 3363 2677 3428 nuper
2721 3348 2805 3410 ad

419 3453 732 3519 Vestram
777 3452 1266 3519 Excellentiam
1314 3450 1634 3533 deputati,
1680 3451 1745 3516 in
1789 3449 2224 3533 petitionibus
2255 3451 2462 3517 Vobis
2496 3468 2579 3516 ex
2611 3455 2803 3532 parte

418 3559 633 3624 nostri
707 3557 1083 3640 propositis,
1162 3557 1458 3642 gratiose
1530 3555 1753 3621 fuistis
1816 3573 1897 3620 ac
1951 3554 2414 3621 favorabiliter
2462 3554 2803 3635 inclinati3

429 3661 592 3727 licet
637 3663 806 3726 duae
854 3681 935 3726 ex
979 3659 1436 3744 petitionibuS,
1483 3677 1656 3739 quae
1688 3665 1962 3724 nostrae
1988 3658 2189 3724 etiam
2213 3659 2510 3725 insertae
2535 3658 2803 3724 fuerant

415 3765 674 3847 literae,
757 3765 825 3831 in
889 3765 1239 3850 privilegio
1297 3764 1487 3830 nobis
1547 3781 1669 3844 per
1711 3762 2025 3828 Vestram
2070 3762 2603 3830 Dominationem
2652 3781 2801 3830 con-

415 3887 626 3953 cesse,
671 3886 803 3934 non
862 3869 1115 3935 fuerint
1175 3872 1557 3951 annotatae,
1627 3885 1791 3946 quas
1864 3873 2105 3948 tamen,
2167 3871 2363 3949 prout
2422 3869 2502 3932 de
2569 3873 2803 3934 vestra

415 3990 760 4054 speramus
807 3971 1178 4056 clementia,
1223 3971 1492 4038 facietis
1550 3971 1617 4036 in
1664 3971 1921 4038 indulto
1968 3971 2159 4037 nobis
2205 3969 2556 4054 privilegio
2589 3971 2800 4053 appli-

413 4077 554 4142 cari
598 4075 764 4143 etc.“
859 4075 1104 4143 Datum
1150 4077 1482 4160 Brunnae,
1527 4074 1755 4141 Pridie
1802 4075 1949 4141 Kal.
1996 4075 2178 4156 Sept.

617 4189 1061 4274 (Lichnowslcy
1125 4189 1350 4256 Gesch.
1411 4189 1520 4256 des
1585 4187 1668 4255 H.
1736 4187 2085 4273 Habsbm·9
2144 4187 2232 4255 II.
2283 4225 2358 4237 —
2412 4185 2631 4272 Chytil
2702 4187 2802 4258 VI.

416 4293 623 4359 addit.
652 4294 753 4361 14.
798 4330 886 4343 -
929 4291 1146 4356 Emler
1191 4293 1274 4361 Il.
1320 4294 1537 4380 2141.)
