3288 4973
1548 335 1940 397 -388—

545 536 799 603 brucke
846 541 917 601 et
960 536 1339 620 Auerbach,
1384 556 1555 618 quae
1601 557 1642 604 a
1691 556 1882 605 sacro
1927 538 2212 619 Imperio
2260 539 2328 605 in
2371 539 2640 605 feudum
2693 540 2935 621 depen-

536 640 716 722 dent,
762 658 910 707 cum
954 640 1253 706 omnibus
1291 642 1575 725 juribuS,
1604 642 1930 725 dominiiS,
1961 643 2368 710 utilitatibus
2402 648 2474 710 et
2505 642 2933 725 pertinentiis

535 744 696 826 suiS‚
740 743 1247 825 quibuscunque
1306 745 1733 829 appellentur
1791 744 2187 829 nominibus,
2246 747 2316 811 in
2377 763 2605 813 verum
2665 744 2932 812 feudum

540 846 1019 914 hereditarium
1065 849 1195 915 rite
1244 856 1313 915 et
1360 848 1854 916 rationabiliter
1918 850 2386 933 vendiderunt,
2443 852 2566 916 sub
2629 850 2932 916 omnibus

540 952 1032 1021 conditionibus
1078 958 1147 1018 et
1192 954 1421 1037 modis,
1470 954 1647 1020 sicut
1699 955 1929 1021 eadem
1976 953 2276 1035 munitio,
2323 954 2568 1036 oppida
2612 961 2684 1019 et
2721 953 2931 1035 perti-

540 1056 810 1123 nentiae
858 1073 938 1122 ex
985 1063 1196 1135 morte
1242 1057 1286 1125 f.
1328 1078 1379 1122 r.
1430 1057 1714 1124 illustris
1761 1058 2100 1141 principis,
2146 1059 2204 1123 d.
2252 1058 2538 1142 Rudolfi,
2600 1059 2928 1139 quondam

545 1159 807 1226 comitis
854 1160 1137 1241 palatini
1167 1160 1387 1227 Rheni
1418 1167 1490 1227 et
1523 1162 1712 1228 ducis
1745 1162 2096 1245 Bavariae,
2126 1163 2214 1227 ad
2243 1162 2425 1243 ipsos
2457 1161 2752 1243 legitime
2785 1179 2927 1243 per-

541 1269 892 1345 venerunt,
938 1264 1110 1330 sicut
1173 1266 1241 1332 in
1305 1266 1520 1333 literis
1583 1283 1788 1347 super
1848 1267 2079 1332 eadem
2141 1265 2527 1335 venditione
2589 1264 2790 1331 factis
2861 1271 2931 1330 et

536 1368 738 1434 editis
782 1368 1044 1449 plenius
1091 1374 1198 1435 est
1244 1387 1663 1451 expressum:
1725 1387 1845 1435 nos
1893 1369 2237 1436 intuentes
2283 1369 2716 1435 affectuosum
2753 1368 2926 1436 desi-

534 1473 787 1539 derium
834 1471 1145 1538 comitum
1194 1474 1635 1555 palatinorum
1674 1479 1745 1539 et
1776 1476 2015 1539 ducum
2047 1474 2381 1539 Bavariae
2414 1473 2927 1557 praedictorum,

533 1575 1039 1643 considerantes
1085 1577 1286 1644 etiam
1331 1580 1641 1645 immotae
1686 1577 1840 1643 fidei
1885 1582 1958 1643 et
1993 1577 2269 1644 virtutis
2301 1576 2766 1657 constantiam,
2799 1596 2926 1657 qua

531 1680 833 1747 illustres
880 1681 953 1747 B.
997 1698 1192 1761 reges
1240 1666 1501 1747 sacrum
1549 1681 1907 1763 Imperium
1953 1681 2363 1747 continuatis
2409 1684 2646 1747 crebro
2681 1680 2920 1747 studiis

530 1786 881 1865 honorant,
926 1784 1295 1851 venditioni
1342 1785 1690 1867 praefatae
1737 1791 2034 1851 nostrum
2081 1785 2472 1851 benevolum
2525 1802 2920 1851 consensum

528 1889 849 1956 adhibere
894 1888 1329 1971 decrevimuS,
1374 1888 1719 1970 ipsumque
1765 1891 1888 1956 sub
1935 1888 2234 1955 omnibus
2297 1888 2786 1955 conditionibus
2849 1894 2924 1955 et

529 1994 758 2076 modiS,
818 1996 995 2059 sicut
1056 1994 1123 2059 in
1189 1994 1405 2059 literis
1474 1995 1764 2074 desuper
1831 1992 2031 2059 editis
2101 1992 2444 2069 invenitur
2511 2010 2931 2075 expressum,

526 2099 970 2179 approbamus
1040 2102 1111 2163 et
1178 2098 1652 2177 confirmamuS‚
1720 2096 1936 2163 animo
2005 2094 2379 2163 deliberato
2449 2100 2520 2163 et
2580 2097 2663 2162 de
2726 2103 2920 2164 certa

302 2189 309 2196 ’
406 2201 415 2209 ”
524 2214 757 2267 nostra
804 2202 1107 2281 scientia,
1138 2201 1325 2266 velut
1354 2199 1898 2282 archiepiscopus
1931 2200 2461 2282 Moguntinensis
2494 2207 2566 2267 et
2600 2201 2916 2282 princeps

519 2304 775 2372 elector
818 2305 997 2371 sacri
1041 2304 1314 2386 Imperii
1359 2304 1807 2385 supradictus,

734 2427 813 2493 In
860 2427 1045 2494 cuius
1090 2427 1191 2494 rei
1240 2480 1252 2492 .
1304 2480 1313 2491 .
1360 2478 1373 2492 .

728 2583 975 2649 Datum
1025 2583 1409 2666 Magantiae
1456 2603 1513 2649 a.
1564 2583 1639 2648 D.
1695 2588 1877 2664 1354,
1937 2581 2111 2648 feria
2175 2583 2474 2663 proxima
2535 2585 2692 2664 post
2755 2583 2922 2664 Epi-

523 2688 836 2769 phaniam
886 2687 1169 2754 Domini.

731 2843 1051 2932 (Litterae
1096 2845 1375 2928 quedem
1422 2846 1663 2906 tenoris
1711 2849 2107 2906 caeterorum
2157 2841 2535 2906 electorum:
2589 2839 2928 2904 Baldaim·

524 2949 1007 3032 archiepiscopi
1056 2946 1453 3009 Treviremis
1490 2947 1634 3012 ddo.
1666 2948 1726 3012 8.
1755 2945 2077 3010 ιΙαηυανίἱ
2102 2946 2294 3028 1354,
2335 2942 2668 3009 Wilhebmi
2695 2945 2922 3008 archi-

516 3053 817 3136 episcopi
882 3049 1277 3115 coloniensis
1346 3051 1492 3115 dolo.
1564 3053 1624 3119 8.
1689 3048 2012 3114 «Ianuarii
2075 3051 2266 3134 1354,
2331 3046 2598 3130 Rudoffi
2664 3049 2924 3112 comitio

522 3151 853 3220 Samoniae
914 3155 1061 3222 ddo-
1108 3157 1211 3224 29.
1256 3152 1433 3240 Sept.
1487 3156 1679 3240 1354,
1733 3155 2054 3218 Ludovici
2107 3153 2502 3218 marchionis
2563 3151 2922 3216 Branden-

509 3259 845 3347 burqensis
912 3261 1058 3326 dolo.
1125 3261 1186 3328 5.
1257 3257 1404 3327 Dec.
1472 3259 1664 3344 1355,
1729 3259 2014 3342 Ruperti
2071 3279 2224 3323 com.
2293 3253 2590 3340 palatim·
2657 3277 2792 3322 sen.
2863 3263 2928 3319 et

492 3369 643 3453 jun.
709 3366 837 3430 ddo
841 3415 1225 3433 .......
1272 3365 1460 3430 1353.
1526 3400 1612 3414 -
1681 3363 1892 3448 Luniq
1958 3359 2021 3427 C.
2089 3361 2168 3429 G.
2215 3359 2318 3430 .D.
2373 3359 2426 3426 I.
2499 3394 2582 3409 -
2652 3356 2926 3424 Brandl

520 3470 699 3537 vm.
748 3468 925 3556 253.)

718 3766 871 3837 359.
928 3763 1273 3850 Carolus,
1334 3762 1421 3833 R.
1470 3764 1548 3832 et
1592 3763 1679 3832 B.
1725 3779 1890 3847 rex,
1945 3759 2386 3831 comitatum
2451 3756 2919 3828 Lucembur-

511 3887 823 3955 gensem
868 3869 949 3938 in
996 3867 1351 3937 ducatum
1396 3866 1707 3953 erigens
1752 3865 2069 3936 fratrem
2114 3881 2335 3934 suum
2366 3861 2912 3974 wenceslaum

512 3971 776 4042 ducem
821 3971 1103 4043 ibidem
1149 3969 1514 4041 instituit.

1114 4130 1310 4210 1354,
1354 4130 1463 4196 12.
1508 4124 1936 4196 Februarii.
1984 4122 2294 4209 (luetis.)

720 4301 1011 4386 (Brandl
1070 4300 1237 4370 VIII.
1286 4300 1462 4383 258.)
