3288 4973
1307 374 1390 389 -—-
1442 340 1559 408 191
1612 372 1698 383 —-

506 550 657 621 171.
706 543 1003 621 Nicolai
1048 546 1265 619 ducis
1309 546 1762 636 opaviensis
1795 543 2092 631 literae,
2138 544 2338 637 quod
2372 549 2694 621 ducatus

296 657 410 727 sui
480 654 831 726 subditos
916 657 991 723 ct
1080 653 1419 725 vasallos
1489 650 1685 723 velit
1752 670 2210 725 conservare
2285 654 2361 725 in
2433 676 2693 725 corum

304 760 815 832 libel-tatibus.

1212 848 1406 929 1339,
1452 850 1517 915 8.
1567 844 1788 916 Julii.

505 1004 634 1059 List
686 1002 951 1057 kniezete
1008 1002 1340 1069 Opavskeho
1396 1000 1692 1071 Mikulase,
1751 1008 1816 1056 ze
1868 1004 2031 1071 pany,
2088 1002 2390 1070 rytierstvo
2441 1002 2460 1057 i
2514 1006 2692 1059 mesta

304 1092 645 1147 kniezetstvi
682 1088 998 1157 opavskeho
1038 1088 1571 1169 slibujebzachovati
1622 1089 1784 1157 podle
1827 1089 1946 1159 jich
1993 1090 2185 1158 vysad,
2233 1090 2403 1158 jakoz
2459 1092 2570 1159 pak
2626 1098 2688 1159 ty

298 1180 408 1248 jich
446 1179 659 1246 vysacly
698 1180 943 1245 vepsany
972 1176 1067 1245 jsii
1106 1194 1139 1230 v
1178 1184 1274 1233 ten
1315 1176 1428 1231 list.
1470 1178 1620 1231 1339.

503 1338 641 1402 Nos
690 1335 1003 1402 Nicolaus
1052 1335 1130 1399 D.
1180 1354 1274 1418 gr.
1322 1336 1455 1401 dux
1502 1334 1820 1416 Opaviae.
1867 1338 1970 1401 Ad
2016 1336 2477 1403 universorum
2521 1338 2687 1405 noti-

301 1442 453 1507 tiam
500 1448 735 1507 tenore
782 1439 1233 1522 praesentium
1276 1439 1571 1506 volumus
1610 1438 1980 1521 pervenire,
2027 1442 2198 1519 quod
2229 1460 2350 1507 nos
2384 1442 2684 1509 contenti

305 1554 475 1612 stare
526 1545 827 1612 volentes
890 1543 1138 1609 nostris
1202 1544 1524 1625 terminiS‚
1584 1544 2012 1609 libertatibus
2077 1551 2146 1609 et
2207 1544 2447 1628 gratiis
2509 1546 2687 1612 datis

304 1657 359 1714 et
404 1649 723 1731 impensis
772 1648 959 1714 nobis
1008 1666 1045 1711 a
1088 1646 1347 1713 domino
1395 1652 1643 1727 nostro,
1691 1650 1749 1713 d.
1797 1648 2058 1713 Joanne
2099 1648 2170 1713 B.
2206 1667 2364 1733 rege
2399 1650 2680 1717 serenis-

306 1755 473 1835 sime,
520 1772 668 1820 cum
732 1752 1101 1837 gratiarum
1160 1751 1535 1818 actionibus
1599 1750 1843 1819 debitis
1907 1758 1975 1817 et
2024 1751 2306 1835 devotiS‚
2353 1754 2686 1821 volentes-

304 1876 413 1938 que
465 1858 741 1939 proinde
772 1857 883 1938 jus
914 1874 1103 1923 suum
1134 1854 1491 1935 unicuique
1525 1855 1943 1921 subditorum
1975 1864 2354 1922 nostrorum
2388 1856 2686 1924 tribuere

307 1974 362 2027 et
404 1962 681 2045 nobileS‚
748 1964 1032 2029 barones
1096 1966 1165 2025 et
1220 1960 1510 2026 vasallos
1574 1978 1778 2042 penes
1839 1960 2187 2026 libertates
2250 1966 2321 2042 et
2377 1960 2686 2045 justitias

306 2067 561 2133 habitas
609 2083 835 2132 eorum
884 2064 1365 2131 inviolabiliter
1411 2082 1834 2149 conservare,
1881 2064 2328 2147 promittimus
2382 2069 2686 2147 praetato

307 2172 553 2237 domino
600 2178 828 2236 nostro
873 2176 943 2235 et
990 2168 1349 2236 heredibus
1396 2186 1477 2236 ac
1523 2168 2023 2235 successoribus
2071 2170 2230 2253 eius,
2279 2171 2351 2235 B.
2395 2170 2682 2253 regibuS,

310 2293 410 2355 pro
456 2273 649 2341 nobis
697 2280 763 2339 et
811 2273 1169 2340 heredibus
1216 2273 1486 2352 nostris,
1532 2272 1815 2339 firmiter
1862 2277 1930 2337 et
1961 2272 2249 2338 fideliter
2289 2276 2685 2354 spondemus

310 2396 455 2457 pure
504 2384 573 2445 et
620 2379 899 2462 sincere,
946 2396 1169 2445 omnes
1216 2384 1287 2443 et
1331 2378 1627 2461 singulos
1664 2380 1970 2459 baroneS,
2003 2376 2294 2445 vasallos
2329 2383 2397 2443 et
2429 2378 2686 2445 nobiles
2797 2427 2810 2435 .

314 2488 525 2551 terrae
589 2481 1007 2567 Opaviensis‚
1068 2489 1265 2565 prout
1322 2482 1513 2551 nobis
1572 2483 1717 2565 ipse
1766 2482 2062 2549 dominus
2109 2486 2338 2549 noster
2385 2484 2570 2550 dedit
2618 2490 2686 2548 et

314 2589 573 2655 tradidit
626 2607 744 2670 per
788 2607 946 2654 suas
993 2587 1245 2670 literaS‚
1292 2606 1567 2668 quarum
1616 2593 1812 2654 tenor
1857 2587 2014 2652 talis
2048 2595 2181 2652 est:

420 2839 427 2848 Ι
502 2761 695 2847 (Vide
742 2762 934 2846 hujus
984 2763 1142 2826 tomi
1182 2783 1241 2826 π.
1286 2761 1416 2847 29.)

502 2935 851 3002 Secundae
899 2955 1058 3004 vero
1106 2935 1347 3002 literae
1394 2940 1589 3000 tenor
1634 2941 1736 3001 est
1787 2935 1972 3001 talis:

505 3107 695 3194 (Vide
742 3109 935 3194 hujus
980 3110 1141 3172 tomi
1183 3133 1241 3176 n.
1286 3109 1419 3196 30.)

506 3274 569 3340 in
597 3293 820 3341 eorum
842 3275 1119 3360 juribuS,
1148 3275 1590 3360 libertatibus
1616 3273 1989 3360 privilegiis
2017 3283 2086 3343 et
2117 3277 2354 3358 gratiis
2388 3277 2683 3359 antiquis

314 3395 348 3440 a
396 3377 695 3446 Boemiae
742 3379 1013 3464 regibus
1058 3381 1307 3448 habitis
1348 3386 1415 3448 et
1464 3383 1778 3465 obtentiS,
1823 3386 2274 3465 manutenere,
2307 3400 2580 3449 servare
2614 3390 2682 3446 et

318 3480 767 3550 inviolabiliter
784 3486 1139 3566 custodire,
1164 3503 1411 3566 eosque
1438 3486 1684 3551 eisdem
1708 3487 1947 3569 gratiis
1976 3491 2044 3551 et
2064 3485 2326 3566 juribus
2343 3486 2441 3552 uti
2459 3491 2680 3552 facere

315 3591 375 3647 et
404 3590 776 3666 permittere
810 3589 1003 3669 plene
1038 3591 1332 3656 volumus
1366 3597 1434 3656 et-
1466 3594 1777 3673 gaudere.
1815 3589 2230 3670 Adjicientes
2257 3593 2340 3656 ad
2369 3590 2675 3671 majorem

319 3689 807 3758 declarationem
854 3699 923 3758 et
970 3694 1373 3759 evidentiam
1419 3693 1583 3759 facti
1632 3695 1997 3775 clariorem,
2036 3696 2207 3774 quod
2241 3694 2296 3760 si
2329 3713 2447 3761 nos
2479 3695 2679 3763 alicui

316 3793 410 3856 vel
437 3795 755 3876 aliquibus
788 3799 869 3862 de
904 3797 1276 3882 terrigenis,
1308 3797 1637 3864 nobilibus
1673 3799 1778 3864 vel
1812 3798 2087 3864 vasallis
2111 3798 2449 3881 justitiam
2480 3799 2678 3880 juxta

316 3901 514 3963 terrae
561 3902 1101 3968 consuetudinem
1148 3902 1373 3968 facere
1420 3919 1902 3984 recusaremuS,
1937 3909 2182 3970 extunc
2214 3903 2396 3969 licite
2432 3909 2500 3968 et
2533 3905 2677 3970 sine

319 4005 527 4068 nostra
571 4003 865 4071 laesione
912 4011 1029 4074 aut
1075 4007 1323 4072 offensa
1370 4007 1455 4071 ad
1504 4007 1828 4072 dominum
1875 4011 2174 4073 nostrum
2221 4025 2437 4089 regem
2499 4015 2676 4088 pote-

316 4109 456 4168 runt
496 4109 850 4193 appellare,
896 4110 1041 4192 ipse
1088 4117 1310 4177 autem
1359 4112 1417 4176 d.
1466 4129 1582 4176 rex
1628 4129 1748 4176 nos
1795 4130 1914 4192 per
1969 4129 2158 4177 suum
2217 4111 2518 4178 nuntium
2565 4115 2677 4178 ad-

316 4225 555 4277 monere
602 4215 801 4280 debet
847 4217 929 4280 de
968 4215 1239 4298 justitia
1286 4215 1680 4281 exhibenda.
1750 4215 1841 4279 Et
1898 4216 1956 4280 si
2019 4235 2138 4280 nos
2199 4221 2360 4282 tunc
2422 4220 2678 4284 demum

316 4312 510 4394 passis
552 4337 909 4402 gravamen
957 4322 1063 4387 ve]
1111 4319 1439 4406 injuriam,
1478 4320 1810 4403 justitiam
1871 4319 2100 4387 facere
2161 4320 2424 4388 minime
2487 4341 2678 4390 cura-
