3288 4973
1582 329 1967 401 *192*

568 561 806 630 remuS,
867 549 1112 612 extunc
1174 540 1316 626 ipse
1378 547 1437 610 d.
1497 565 1616 611 rex
1676 548 2037 613 secundum
2113 551 2337 612 terrae
2409 537 2943 609 consuetudinem

560 651 892 735 justitiam
941 653 1037 716 eis
1085 652 1307 716 facere
1354 650 1699 717 tenebitur
1744 656 1814 715 et
1861 649 2149 714 debebit..

775 757 853 822 In
901 755 1085 822 cuius
1134 808 1147 820 .
1197 808 1209 821 .
1258 808 1270 820 .

778 897 1025 961 Datum
1087 894 1154 960 in
1218 895 1489 961 Olomuc
1563 895 1670 958 die
1732 891 1915 958 VIII.
1979 892 2220 958 mensis
2279 889 2444 958 Julii
2504 909 2558 958 a.
2618 891 2697 954 l).
2764 896 2935 955 1339.

774 1035 987 1120 (Oriq.
1026 1057 1218 1102 unum
1263 1035 1332 1096 in
1380 1035 1638 1098 archivo
1690 1031 1990 1096 Statuam
2039 1030 2524 1117 Opaviensium,
2570 1028 2843 1094 alterum
2890 1031 2950 1091 in

564 1139 826 1202 archivo
883 1137 1016 1206 aul.
1090 1137 1347 1204 Vindob.
1403 1178 1486 1186 -—
1531 1137 1622 1208 A.
1671 1137 1769 1208 K.
1813 1176 1900 1188 —-
1948 1136 2169 1224 Chytil
2239 1135 2373 1203 VII.
2418 1137 2562 1200 243.
2615 1173 2703 1184 —-
2746 1131 2955 1198 Emler

570 1243 680 1310 JV.
747 1243 920 1330 709.)

773 1465 922 1528 172.
973 1459 1329 1530 Nicolaus
1378 1460 1531 1528 «lux
1581 1459 1915 1546 Opaviae
1959 1459 2239 1530 ,Ioanni
2274 1459 2444 1546 regi
2478 1459 2718 1529 tradit
2749 1457 2951 1545 oppi-

567 1563 741 1632 ‹luin
789 1563 1237 1634 Zukmantol
1289 1585 1455 1633 euni
1505 1570 1761 1635 casu-0
1814 1564 2216 1634 Edelstein.

1477 1689 1671 1772 1339,
1718 1689 1782 1754 8.
1832 1686 2050 1756 Julii.

769 1825 985 1881 Deinde
1023 1831 1186 1892 pater
1222 1840 1376 1879 meus
1415 1826 1685 1895 (Joannes
1720 1827 1845 1891 rex)
1882 1825 2157 1892 processit
2196 1839 2389 1879 versus
2429 1823 2734 1880 Moraviam
2761 1823 2951 1878 volens

563 1913 852 1968 destruere
891 1911 1178 1967 Nicolaum
1225 1913 1420 1968 ducem
1475 1912 1721 1980 Opaviae
1777 1919 1835 1968 et
1892 1911 2227 1976 Ratiboriae‚
2280 1927 2441 1979 quem
2496 1911 2645 1978 patri
2700 1926 2819 1964 meo
2860 1909 2949 1962 vix

562 1999 930 2055 reconciliavi.
955 1999 1128 2055 Dedit
1153 2006 1340 2054 tamen
1365 1999 1512 2068 patri
1537 2015 1657 2054 meo
1680 2007 1866 2054 castra
1888 2006 1946 2053 et
1964 2000 2254 2066 pecuniam
2274 1999 2519 2053 multam.
2558 1999 2710 2069 (Vita
2734 1996 2955 2065 caroli.)

768 2123 904 2187 Nos
951 2123 1266 2190 Nicolaus
1314 2122 1392 2189 D.
1442 2143 1534 2205 gr.
1582 2123 1718 2190 dux
1777 2123 2075 2204 Opaviae
2130 2123 2462 2190 universis
2526 2127 2593 2186 et
2658 2120 2938 2206 singulis

563 2225 860 2293 volumus
903 2227 1048 2292 fore
1109 2233 1355 2310 notum,
1417 2228 1589 2306 quod
1647 2247 1765 2293 nos
1828 2233 2385 2310 recognoscentes
2431 2225 2951 2292 inobedientiam

561 2339 872 2414 nostram,
919 2350 1048 2410 qua
1086 2333 1470 2397 offendimus
1504 2333 1728 2398 oculos
1764 2333 2140 2416 majestatis
2174 2331 2400 2415 regiae
2435 2331 2682 2396 domini
2714 2330 2957 2397 nostri.

563 2436 742 2520 regis
791 2435 1100 2505 Boemiae
1148 2437 1577 2519 serenissimi,
1623 2438 2059 2517 volentesque
2108 2435 2393 2521 gratiam
2455 2453 2601 2501 cum
2660 2433 2955 2500 humani-

561 2546 706 2607 tate
753 2540 984 2607 debita
1031 2540 1494 2607 satisfactione
1543 2542 1872 2625 condigna
1919 2543 1989 2608 in
2023 2548 2383 2624 conspectu
2422 2541 2599 2623 regis
2634 2540 2959 2607 invenire.

559 2645 864 2727 p1aefato
913 2648 971 2710 d.
1020 2646 1166 2727 regi
1213 2655 1280 2710 et
1329 2646 1687 2712 heredibus
1751 2648 1888 2713 suis
1936 2648 2001 2711 in
2052 2647 2494 2712 hereditatem
2559 2652 2951 2726 perpetuam

560 2756 628 2813 et
674 2748 1098 2832 hereditaiie,
1146 2756 1382 2831 sponte
1433 2756 1501 2815 et
1547 2752 1773 2827 libere
1820 2770 1949 2815 non
1998 2750 2335 2831 compulsi,
2382 2768 2509 2814 nou
2559 2749 2794 2831 coacti
2830 2768 2953 2815 nec

557 2854 775 2933 aliquo
823 2854 1088 2936 ingenio
1139 2873 1255 2919 seu
1303 2854 1450 2919 dolo
1513 2854 1767 2920 induet-i
1830 2876 1947 2920 seu
2012 2855 2298 2933 deducti,
2366 2853 2675 2935 oppidum
2736 2854 2951 2919 Zurk-

559 2960 806 3023 mantel
865 2975 1012 3023 cum
1069 2958 1522 3024 Hermanstad
1568 2960 1805 3039 oppido
1856 2965 1924 3023 et
1970 2960 2437 3025 Arnoldsdorff
2481 2958 2636 3023 villa
2683 2964 2751 3022 et
2800 2978 2949 3025 cum

558 3066 778 3126 castro
833 3060 1192 3143 Edelstein,
1242 3080 1496 3127 necnon
1543 3063 1695 3127 aliis
1757 3063 2182 3144 pertinentiis
2242 3069 2309 3128 et
2373 3062 2765 3128 aurifodinis
2814 3066 2953 3129 suis

563 3166 804 3231 ibidem
853 3165 1298 3231 existentibus
1347 3171 1415 3231 et
1461 3186 1628 3247 quae
1678 3168 1821 3232 fieri
1870 3172 2183 3247 poterunt
2230 3168 2293 3231 in
2344 3166 2652 3249 futurum,
2701 3170 2951 3249 damus

557 3271 878 3335 tradimus
927 3276 994 3333 et.
1043 3270 1478 3352 assignamus
1529 3290 1672 3335 cum
1722 3272 2019 3337 omnibus
2068 3280 2137 3337 et
2184 3272 2465 3355 singulis
2512 3272 2661 3336 aliis
2685 3272 2950 3355 juribus

563 3392 820 3439 necnon
893 3374 1230 3439 territorio
1289 3376 1528 3440 ibidem
1596 3382 1664 3440 et
1726 3377 2150 3457 pertinentiis
2215 3375 2353 3441 suis
2416 3384 2485 3440 et
2530 3395 2675 3441 cum
2738 3378 2953 3459 pleno,

557 3498 736 3542 mero
801 3482 866 3541 et
932 3478 1136 3544 mixto
1203 3479 1506 3561 domini0,
1571 3480 2014 3561 libertatibus
2068 3480 2665 3563 jurisdictionibus,
2728 3483 2953 3563 baylia

561 3588 628 3646 et
697 3581 998 3647 omnibns
1069 3588 1138 3646 et
1200 3584 1500 3666 singulis,
1560 3584 1891 3649 nobilibus
1955 3590 2024 3649 et
2086 3585 2379 3666 vasalliS,
2444 3585 2819 3650 hominibus
2883 3591 2949 3650 et

549 3686 833 3767 judaeiS‚
881 3687 1236 3753 advocatia
1284 3694 1352 3752 et
1391 3688 1542 3771 jure
1593 3694 1983 3769 patronatus
2044 3688 2469 3754 ecelesiarum
2531 3695 2599 3753 et
2648 3690 2947 3755 omnibus

558 3790 708 3856 aliis
757 3788 1004 3869 usibus,
1050 3790 1478 3871 utilitatibus,
1525 3793 2057 3876 obventio11ibuS‚
2106 3793 2453 3869 fructibus⁹
2487 3793 2945 3859 usufruetibus

556 3900 622 3957 et
670 3893 1030 3961 afflictibus
1080 3896 1236 3976 suis,
1283 3896 1394 3975 qui
1443 3904 1510 3960 et
1560 3898 1790 3976 quales
1839 3910 2011 3977 sunt,
2058 3898 2126 3962 in
2174 3897 2495 3977 quibusve
2546 3900 2748 3963 rebus
2799 3918 2945 3964 con-

554 3998 800 4083 sistant
877 4000 982 4063 vel
1058 4001 1422 4066 consistere
1501 4007 1818 4081 pot-erunt
1893 4002 1962 4066 in
2038 4000 2348 4083 futurum,
2426 4010 2495 4066 et
2562 4012 2765 4082 prout
2826 4023 2941 4069 nos

339 4138 373 4145 -
417 4106 510 4120 ’Μ
551 4090 884 4168 tenuimus
951 4110 1020 4168 et
1066 4105 1497 4187 possedimuS,
1562 4107 1795 4185 quovis
1866 4106 2057 4172 titulo
2128 4114 2197 4171 et
2264 4108 2473 4188 mode,
2542 4126 2665 4187 per
2736 4108 2938 4189 ipsum

553 4207 880 4272 dominnm
928 4227 1150 4290 regem
1199 4230 1278 4277 ae
1327 4212 1606 4275 heredes
1657 4216 1719 4276 et
1772 4230 2195 4277 successores
2266 4212 2474 4292 ipsius
2527 4212 2939 4278 hereditarie

554 4311 968 4395 possidenda,
1015 4318 1264 4379 utenda
1313 4321 1381 4381 et
1429 4323 1750 4397 perpetuo
1810 4317 2122 4397 tenenda,
2178 4318 2257 4380 de
2322 4316 2553 4396 eisque
2604 4316 2939 4401 dispositi-
