3288 4973
1394 414 1783 474 —347—

386 615 700 698 gratiose,
748 615 1189 697 promittimus
1237 619 1409 682 bona
1456 621 1692 696 nwra
1737 619 1886 700 fide,
1923 617 2066 682 sine
2101 617 2268 698 dolo,
2308 616 2488 682 dicto
2521 615 2784 681 domino

384 725 613 784 nostro
660 722 991 785 adversus
1038 738 1262 786 omnes
1310 719 1668 802 principes,
1716 721 1992 804 nobiles,
2037 723 2343 803 baroneS,
2385 719 2677 785 vasallos
2712 724 2782 784 et

384 821 551 888 alios
600 841 1029 903 quoscunque
1074 823 1389 906 homines,
1436 824 1907 906 quuscumque
1956 825 2496 907 praeeminetiae,
2536 824 2783 906 gradus

384 927 529 992 sive
577 925 929 1008 dignitatis
979 929 1294 1012 existant,
1339 929 1517 995 nullo
1564 930 1837 1010 penitus
1886 935 2194 1011 excepto,
2225 929 2296 994 in
2328 927 2502 994 omni
2533 935 2784 994 eventu

385 1029 529 1095 sive
600 1049 779 1114 casu,
848 1033 1155 1112 quotiens
1223 1033 1597 1098 necessitas
1661 1033 2062 1116 incubuerit,
2125 1039 2196 1098 et
2255 1031 2640 1098 nominatim
2703 1049 2784 1096 ac

387 1151 705 1215 expresse
774 1136 862 1201 ad
919 1137 1491 1217 recuperationem
1546 1137 1818 1222 jurium,
1877 1137 2242 1203 utilitatum
2313 1143 2382 1202 et.
2443 1136 2780 1218 pertinen-

386 1237 651 1320 tiarum,
705 1257 876 1318 quae
936 1241 1019 1306 de
1082 1257 1355 1320 corpore
1414 1241 1605 1324 regni
1670 1247 1742 1308 et
1807 1259 2094 1308 coronae
2165 1241 2478 1312 Boemiae
2547 1237 2782 1318 quavis

385 1340 737 1408 occasione
782 1361 901 1408 seu
932 1361 1134 1409 causa
1166 1344 1460 1410 alienata
1492 1343 1637 1410 sive
1671 1345 2002 1412 distracta
2035 1353 2421 1425 noscuntur,
2452 1345 2777 1408 adversus

387 1443 744 1528 principes,
791 1447 1095 1530 baroneS,
1143 1449 1433 1512 vasallos
1480 1466 1559 1514 ac
1607 1456 1870 1514 ceteros
1917 1447 2214 1514 homines
2263 1447 2425 1514 dicti
2473 1447 2664 1530 regni
2713 1452 2782 1511 et

388 1565 689 1632 coronae,
734 1551 963 1616 fideles
1011 1552 1220 1632 ipsius
1269 1559 1338 1618 et
1385 1553 1707 1636 subditoS,
1755 1554 1868 1633 qui
1914 1553 2261 1618 occasione
2311 1549 2616 1632 praefata
2647 1568 2778 1616 non

386 1655 687 1719 contenti
732 1653 1061 1737 fortassiS,
1107 1658 1278 1736 quod
1326 1656 1698 1740 hujusmodi
1747 1659 2100 1740 utilitates
2126 1659 2280 1742 jura
2313 1663 2382 1723 et
2416 1661 2776 1738 proventus

382 1756 575 1840 regui
622 1762 694 1822 et
738 1777 1024 1825 coronae
1071 1759 1383 1826 Boemiae
1430 1769 1830 1842 repetantur
1890 1767 1974 1828 ab
2025 1763 2122 1829 eis
2182 1773 2302 1828 aut
2364 1761 2498 1826 alia
2559 1759 2776 1824 inten-

380 1860 566 1926 tione
643 1880 1069 1944 quacumque,
1149 1873 1385 1931 contra
1462 1867 1876 1948 praedictum
1953 1868 2285 1933 dominum
2361 1872 2431 1930 et
2498 1863 2779 1930 fratrem

380 1970 679 2031 nostrum
726 1965 1108 2034 calcaneum
1173 1968 1555 2034 rebellionis
1616 1970 1976 2054 erexerint,
2039 1971 2347 2051 quotiens
2395 1977 2466 2034 et
2512 1969 2775 2048 quando

385 2087 504 2149 per
546 2070 766 2150 ipsum
814 2075 932 2136 aut
976 2087 1096 2138 suo
1142 2076 1405 2142 nomine
1454 2074 1758 2155 requisiti
1808 2073 2144 2154 fuerimuS,
2177 2073 2508 2154 auxiliari,
2540 2089 2776 2153 coope-

380 2174 520 2239 rari
580 2179 650 2242 et
718 2175 1045 2240 assistere
1102 2175 1407 2261 fideliter,
1480 2179 1658 2244 sicut
1717 2180 1930 2258 decet,
1991 2177 2274 2256 auxiliis,
2332 2176 2641 2242 remediis
2703 2181 2775 2241 et

384 2277 681 2342 consiliis
728 2279 1133 2360 opportunis,
1182 2283 1638 2348 Promittimus
1687 2283 1888 2348 etiam
1938 2290 2008 2348 et
2055 2283 2315 2349 sincere
2358 2281 2773 2362 spondemus,

380 2401 501 2448 nos
550 2383 635 2448 de
681 2383 1109 2466 principibus,
1154 2387 1532 2468 baronibuS,
1576 2387 1853 2454 vasallis
1916 2397 1985 2454 et
2045 2387 2334 2452 subditis
2395 2385 2640 2450 domini
2699 2389 2769 2450 et

380 2485 617 2553 fratris
662 2488 876 2553 nostri
923 2492 1146 2571 verbo,
1192 2490 1389 2573 fact0,
1436 2491 1872 2573 persuasione
1921 2500 2038 2559 aut
2083 2492 2358 2557 consilio
2405 2510 2533 2557 non
2567 2490 2770 2555 intro-

378 2593 669 2671 mittere,
715 2592 841 2659 imo
890 2592 1198 2673 quotiens
1244 2594 1484 2675 aliquis
1530 2616 1613 2660 ex
1662 2597 1910 2663 eisdem
1945 2616 2353 2677 quacumque
2387 2595 2770 2661 temeritate

382 2702 617 2761 contra
640 2696 1015 2777 praefatum
1048 2698 1375 2765 dominum
1406 2706 1706 2765 nostrum
1743 2701 2200 2783 insurrexerit,
2219 2720 2338 2767 nos
2358 2698 2773 2782 insurgentis

380 2818 497 2865 seu
542 2798 937 2866 rebellantis
982 2800 1189 2881 ipsius
1236 2804 1736 2885 contumaciam,
1783 2824 1912 2871 una
1961 2823 2105 2870 cum
2153 2804 2457 2886 praefato
2511 2802 2772 2870 domino

380 2910 628 2979 nostro,
674 2922 1096 2985 compescere
1145 2913 1216 2971 et
1260 2907 1603 2973 refrenare
1653 2910 2025 2975 tenebimur
2070 2915 2140 2974 et
2187 2911 2518 2974 debemus

590 3008 1052 3074 Praesentium
1088 3061 1101 3074 .
1136 3060 1148 3073 .
1181 3061 1195 3075 .

587 3146 830 3211 Datum
882 3148 1146 3230 Pragae
1192 3169 1247 3215 a.
1296 3150 1373 3216 D.
1426 3157 1609 3233 1350,
1670 3152 2037 3219 indictione
2105 3153 2326 3233 tertia,
2389 3152 2476 3216 II.
2543 3152 2764 3215 Nonas

384 3249 693 3315 Januarii

588 3387 710 3464 (Α.
760 3386 853 3456 Κ.
900 3426 985 3439 -
1030 3390 1293 3455 Brauon
1346 3392 1521 3461 νιη.
1568 3394 1656 3479 2.)

588 3632 741 3699 300.
784 3630 1208 3717 Fridrichs,
1240 3634 1670 3721 Baltazars,
1707 3637 2122 3726 Ludewigs
2156 3640 2308 3709 und
2343 3640 2769 3727 Wilhelms‚

382 3730 819 3821 lantgrafen
878 3754 975 3803 zu
1020 3734 1419 3825 Duringen
1480 3740 1636 3810 und
1699 3742 2196 3829 markgrafen
2257 3764 2354 3813 zu
2415 3744 2766 3831 Meissen,

383 3834 519 3905 mit
563 3837 811 3907 Karln
855 3838 1023 3907 dem
1070 3840 1526 3913 Romischen
1572 3844 1838 3932 Kum'g
1880 3846 1999 3915 als
2037 3846 2304 3935 Kunig
2335 3868 2431 3917 zu
2462 3848 2768 3935 Behem,

384 3938 435 4008 J
436 3938 822 4011 ohannsen
870 3943 1363 4032 markgrafeu
1432 3968 1529 4015 zu
1590 3948 1943 4019 Merhern
2003 3951 2158 4020 und
2213 3951 2762 4039 Wentzlawen‚

385 4042 641 4114 seinen
691 4045 1045 4133 brudern,
1093 4049 1381 4137 einung
1423 4051 1579 4120 und
1626 4053 2139 4125 verbiindnus.

936 4170 1131 4253 1350,
1176 4175 1241 4239 6.
1288 4170 1716 4242 Februarii.
1766 4174 2213 4264 (Budissin.)

586 4304 709 4358 List
744 4304 1036 4360 Fridricha
1071 4309 1349 4363 markrabi
1386 4312 1752 4379 misenskeho,
1791 4313 2075 4369 lantkrabi
2113 4315 2468 4385 durinskeho,
2525 4316 2668 4371 kdez
2707 4332 2767 4371 se

386 4391 661 4459 zavaque,
701 4390 893 4446 dedice
930 4391 949 4445 i
992 4394 1192 4447 buddei
1228 4398 1342 4465 sve,
1386 4396 1611 4451 Karlovi
1651 4402 1910 4454 ceskemu
1950 4400 2109 4471 kra1i‚
2149 4404 2394 4457 dedicom
2435 4404 2452 4457 i
2493 4404 2768 4458 buddcim.
