3288 4973
1471 372 1813 437 *14*

443 587 590 655 aliis
639 604 720 653 ac
763 584 1046 671 singulis
1092 580 1572 666 suprascriptis
1617 582 1813 665 pleno
1852 584 2007 668 jure
2036 584 2377 667 gaudeant
2407 588 2474 648 et
2506 579 2829 663 fruantur,

442 715 521 760 ac
569 692 964 777 adjicientes
1015 707 1352 773 expresse,
1417 694 1494 755 ut
1559 688 1933 770 praelibato
2000 686 2311 771 Rudolfo,
2374 692 2495 753 aut
2552 686 2827 753 fratrum

441 817 706 863 suorum
762 796 996 877 altero,
1063 794 1208 859 siue
1265 792 1586 876 legitimis
1641 791 1999 859 heredibus
2058 792 2433 876 decedenti,
2500 791 2829 876 gradatim

443 904 761 969 succedat
815 920 962 967 cuni
1023 878 1164 964 suis
1222 895 1534 963 masculis
1579 898 1941 963 heredibus
1986 895 2305 980 legitimis
2350 896 2565 963 frater
2610 894 2831 961 senior

443 1016 601 1071 tunc
681 1010 1050 1087 supersteS,
1125 1001 1438 1083 ipsosque
1509 1000 1867 1067 Rudoll'um
1951 1008 2024 1068 et
2068 1001 2505 1084 Fridericum,
2574 1017 2693 1066 suo
2762 1004 2831 1064 et

443 1108 768 1192 Leupoldi
811 1106 1044 1173 fratris
1092 1106 1197 1172 sui
1241 1106 1546 1171 absentis
1593 1106 1876 1188 nomine,
1920 1105 2293 1189 Albertum,
2352 1106 2715 1172 Hem-icum
2761 1111 2831 1170 et

446 1216 760 1280 Ottonem
819 1211 1088 1291 fratres,
1145 1210 1314 1277 filios
1360 1209 1647 1277 Nostros
1693 1210 2089 1293 carissimos
2158 1211 2527 1294 supradicti
2570 1210 2831 1277 Rudolfi

443 1320 652 1384 libere
713 1322 784 1383 et
847 1332 1166 1399 expresse
1223 1315 1312 1379 ad
1354 1316 1478 1381 hoc
1524 1313 2021 1381 interveniente
2066 1334 2414 1399 consensu,
2458 1315 2527 1380 in
2574 1312 2831 1396 praefa-

448 1434 664 1487 torum
729 1420 922 1505 regni
967 1420 1326 1486 Bohemiae
1373 1424 1442 1485 et
1488 1438 1713 1485 eorum
1756 1420 2057 1503 omnium,
2104 1439 2277 1501 quae
2322 1418 2633 1500 superius
2676 1424 2835 1485 sunt

449 1545 788 1609 expressa,
818 1524 1303 1608 possessionem
1333 1524 1630 1589 misimus
1663 1531 1735 1590 et
1760 1532 1994 1591 tenore
2027 1525 2481 1607 praesentium
2513 1522 2833 1589 mitt-imus

453 1630 879 1713 ‹501·p0ralem.

660 1735 786 1819 Qui
845 1735 1052 1801 etiam
1097 1732 1424 1799 Rudolfus
1484 1734 1854 1804 constituit,
1902 1754 1994 1817 se,
2056 1734 2161 1801 sui
2206 1740 2277 1801 et
2324 1736 2831 1816 praemissorum

453 1859 718 1907 suorum
778 1840 1061 1905 fratrum
1106 1836 1382 1919 nomine,
1428 1840 1893 1920 suprascripta
1938 1840 2155 1905 omnia
2202 1845 2273 1905 et
2317 1840 2579 1924 singula
2626 1837 2833 1921 possi-

452 1949 610 2011 dere
670 1947 752 2011 de
823 1940 1236 2026 plenitudine
1281 1940 1570 2008 Nostrae
1617 1944 1978 2025 potestatis
2026 1943 2274 2028 regiae,
2338 1945 2523 2011 cuius
2570 1943 2832 2009 immen-

451 2051 616 2114 sitas
665 2056 736 2115 et
779 2065 1091 2113 mensura
1136 2050 1206 2109 et
1251 2063 1422 2126 quae
1466 2046 1669 2113 etiam
1716 2048 1979 2130 perficit
2010 2046 2488 2132 imperfectum,
2534 2046 2835 2114 defectus

449 2171 744 2233 quosque
789 2153 858 2218 in
905 2150 1288 2234 praemissis
1345 2151 1630 2235 habitos,
1692 2153 1749 2217 si
1796 2154 1907 2233 qui
1950 2160 2126 2235 sunt,
2185 2155 2269 2219 de
2316 2158 2507 2218 certa
2552 2150 2837 2219 scientia

449 2259 763 2323 tollentes
810 2255 1070 2322 omnino
1113 2270 1198 2319 ac
1241 2258 1629 2339 supplentes
1678 2257 1997 2323 universa
2040 2264 2111 2325 et
2156 2257 2439 2341 singula,
2484 2256 2544 2322 si
2588 2276 2720 2337 qua
2752 2256 2834 2321 de

441 2362 592 2441 ,jure
627 2366 782 2427 sunt
823 2362 928 2427 vel
977 2382 1126 2429 esse
1175 2366 1490 2435 videntur
1535 2362 1602 2427 in
1651 2361 2033 2443 praemissis
2079 2361 2381 2427 articulis
2428 2360 2834 2442 imperfecta.

655 2465 835 2533 Nulli
901 2484 1062 2553 ergo
1129 2470 1460 2538 hominum
1523 2467 1784 2534 omnino
1850 2467 2057 2534 liceat
2124 2467 2293 2532 lianc
2340 2466 2629 2533 Nostrae
2679 2483 2827 2533 con-

451 2571 792 2654 cessioniS,
837 2573 1232 2660 collationis,
1277 2573 1671 2654 donationiS,
1716 2571 2121 2652 traditionis,
2166 2569 2631 2654 investiturae,
2662 2570 2833 2636 ordi-

448 2675 755 2758 nationis,
819 2676 1198 2760 additionis,
1259 2678 1326 2743 in
1383 2676 1831 2760 possesionem
1890 2678 2303 2757 corporalem
2364 2674 2697 2741 missionis
2766 2679 2839 2738 et

450 2779 887 2859 suppletionis
949 2779 1256 2864 paginam
1319 2781 1706 2864 infringere,
1768 2786 1886 2846 aut
1961 2781 2024 2846 ei
2086 2781 2157 2848 in
2219 2781 2443 2860 aliquo
2505 2797 2671 2844 ausu
2732 2783 2826 2843 te-

452 2883 734 2948 merario
749 2884 1104 2950 contraire.
1125 2883 1312 2968 Quod
1329 2885 1442 2966 qui
1458 2883 1681 2950 facere
1697 2887 2240 2967 praesumpserit,
2256 2903 2531 2969 gravem
2546 2885 2833 2949 Nostrae

452 2987 890 3071 (Maiestatis)
939 2989 1252 3058 offensam
1297 3007 1372 3056 se
1418 2989 1683 3055 noverit
1729 2990 2163 3056 incursurum.

657 3092 738 3156 In
801 3110 1074 3171 quorum
1129 3094 1409 3158 omnium
1472 3099 1544 3160 et
1589 3094 2035 3173 quorumlibet
2079 3094 2405 3175 praemiss
2417 3111 2604 3159 orum
2652 3090 2836 3158 testi-

453 3197 736 3260 monium
798 3197 1072 3262 evidens
1129 3203 1333 3277 atque
1387 3199 1590 3264 robur
1650 3203 1972 3280 perpetuo
2046 3200 2443 3265 duraturum
2518 3213 2837 3279 praesens

455 3299 774 3381 scriptum
841 3299 1082 3366 exinde
1145 3301 1476 3370 conscribi
1520 3308 1592 3368 et
1637 3302 2023 3385 Majestatis
2071 3304 2363 3370 Nostrae
2422 3301 2828 3384 appensione

455 3404 662 3487 sigilli
711 3402 1032 3487 jussimus
1097 3406 1502 3475 communiri.

659 3525 908 3592 Datum
951 3527 1132 3608 apud
1177 3528 1550 3612 Znoymam,
1593 3527 1738 3596 XV.
1774 3528 1906 3594 kal.
1936 3525 2311 3611 Februarii,
2342 3527 2486 3594 Iud.
2519 3527 2613 3609 V„
2652 3531 2835 3594 1307.

659 3663 746 3751 (Ε
789 3663 939 3731 cod.
989 3687 1152 3732 caes.
1199 3666 1459 3730 archivi
1485 3664 1773 3746 Vindob„
1820 3663 2263 3754 complectente
2293 3664 2631 3750 farinulae
2665 3665 2837 3750 regis

454 3768 714 3830 filberti
757 3768 814 3835 I.
865 3805 942 3816 —
989 3767 1276 3853 Palaclcy
1321 3767 1811 3834 Formelbilclier
1854 3770 1927 3855 1.,
1971 3772 2117 3836 124.
2145 3808 2231 3819 -
2262 3769 2482 3834 Emler
2508 3770 2614 3850 IL,
2644 3770 2838 3835 2123.

450 3911 535 3920 --
587 3873 1087 3937 lustramentum
1129 3874 1321 3959 hujus
1369 3877 1608 3938 tenoris
1655 3896 1782 3938 non
1828 3874 2276 3939 inveniebatur
2336 3897 2443 3940 nec
2508 3877 2579 3940 in
2654 3875 2830 3960 reqio

453 3978 714 4040 archivo
764 3975 1232 4042 Car-{steinensi
1273 3999 1383 4042 ‘nec
1430 3979 1498 4041 in
1549 3977 1683 4042 loco
1730 3975 1913 4062 alio.)

665 4150 734 4218 4.
775 4149 1157 4239 Hynconis
1203 4149 1296 4220 de
1347 4087 1831 4325 Ρινέὂίξίειένῗ)
1847 4149 2166 4322 {enrico
2198 4151 2366 4238 regi
2396 4149 2841 4236 homagium.

1587 4305 1606 4339 ‚
1708 4305 1725 4324 .
1836 4272 1877 4322 c
1914 4306 1927 4320 .

665 4377 800 4430 Post
834 4383 1067 4430 mortem
1105 4375 1322 4432 Rudolfi
1361 4377 1511 4446 regis
1550 4377 1731 4446 (1307,
1766 4373 2005 4445 4.Ju1ii)
2061 4376 2117 4430 in
2160 4391 2347 4444 regem
2376 4375 2653 4447 Boemiae,
2692 4378 2843 4441 post·
