3288 4973
1301 383 1648 444 ...71-

493 587 584 653 63.
631 583 684 653 J
685 602 973 655 oannes
1019 605 1156 654 rex
1205 585 1679 656 Kazimirum
1724 585 1989 656 ducem
2021 586 2547 658 Tessiuensem
2578 587 2661 656 in

343 686 650 758 vasallum
696 687 1000 775 recipit.

1169 778 1362 862 1327,
1409 777 1517 844 24.
1563 775 1783 846 Febr.

494 907 822 974 Johannes
867 912 938 974 et
983 928 1081 992 gr.
1130 908 1199 976 B.
1251 914 1320 974 et
1364 908 1450 975 P.-
1482 927 1605 975 rex
1635 927 1715 975 ac
1746 909 1821 975 L.
1854 927 2090 992 comeS,
2120 907 2655 992 recognoscimus

341 1013 390 1070 et
423 1011 491 1074 ad
529 1012 981 1078 universorum
1027 1012 1333 1080 notitiam
1379 1013 1677 1082 volumus
1726 1018 1958 1079 tenore
2006 1011 2457 1095 praesentium
2510 1031 2657 1094 per-

341 1113 530 1197 venire,
567 1119 742 1196 quod
801 1117 958 1197 quia
1017 1117 1300 1184 illustris
1360 1117 1737 1186 Kazimirus
1796 1120 1929 1185 dux
1993 1115 2509 1184 Theschinensis
2570 1119 2653 1183 ob

340 1218 589 1295 specialis
628 1220 871 1287 amoris
917 1221 1244 1305 affectum,
1291 1240 1482 1303 quem
1513 1224 1600 1288 ad
1630 1228 1929 1288 nostram
1962 1221 2139 1306 gerit
2171 1221 2660 1304 celsitudinem,

339 1320 584 1404 princeps
627 1330 696 1391 et
742 1325 1014 1392 curialis
1059 1331 1292 1392 noster
1337 1344 1484 1394 esse
1529 1326 1851 1411 decrevit,
1881 1332 2132 1393 terram
2162 1345 2350 1394 suam
2382 1326 2652 1392 Teschi-

338 1440 549 1492 nensem
588 1447 733 1496 cum
779 1430 918 1497 suis
965 1431 1356 1498 civitatibus
1403 1436 1472 1498 et
1518 1432 1783 1516 castris,
1829 1431 1958 1499 vid.
2009 1432 2313 1498 Teschen
2374 1430 2653 1498 civitate

338 1543 446 1594 cum
508 1541 733 1616 castro,
810 1534 1114 1600 Freistat
1187 1542 1257 1601 et
1331 1535 1558 1602 Belicz
1637 1535 2050 1618 civitatibus,
2125 1535 2512 1602 Scotschow
2586 1539 2658 1600 et

339 1630 578 1701 Jemnicz
644 1637 906 1720 oppidis
965 1657 1114 1705 cum
1173 1638 1651 1708 munitionibus
1713 1643 1783 1706 et
1843 1639 2162 1707 Ostravia
2223 1645 2445 1706 castro
2508 1657 2657 1706 cum

339 1734 492 1803 etiam
519 1742 702 1826 villis,
733 1741 1104 1810 hominibus
1133 1745 1464 1829 (utsupra
1495 1747 1563 1806 in
1598 1743 1837 1807 litteris
1871 1745 1984 1832 62)
2016 1763 2057 1809 a
2079 1744 2271 1812 nobis
2301 1743 2559 1824 recepit
2591 1742 2661 1808 in
2764 1759 2773 1775 ⁸

339 1837 715 1912 hereditatem
769 1866 975 1932 suam,
1036 1848 1353 1914 heredum
1413 1867 1494 1916 ac
1549 1867 2009 1916 successorum
2070 1867 2353 1932 suorum,
2421 1849 2659 1913 ducum

338 1942 839 2035 Teschinensium,
885 1951 956 2017 in
1001 1959 1412 2037 perpetuum,
1459 1958 1529 2020 et
1574 1952 1753 2020 facto
1800 1953 1988 2019 nobis
2033 1971 2156 2036 per
2200 1971 2346 2019 eum
2394 1951 2659 2018 debitae

337 2043 618 2121 fidelitatis
677 2055 984 2140 homagio
1042 2057 1249 2142 nobie,
1324 2057 1683 2124 heredibus
1731 2062 1801 2124 et
1846 2057 2341 2124 successoribus
2388 2056 2657 2139 nostriS,

338 2152 546 2233 regibus
613 2160 946 2246 Boemiae,
1005 2166 1326 2242 tanquam
1393 2161 1703 2244 princeps
1768 2166 1996 2228 noster
2057 2180 2137 2227 ac
2196 2160 2382 2244 regni
2443 2159 2659 2225 nostri

337 2253 586 2330 Boemiae
651 2265 957 2347 promisit
1023 2267 1314 2334 fideliter
1357 2267 1709 2334 intendere
1778 2271 1849 2333 et
1915 2283 2187 2347 parere:
2255 2283 2376 2330 nos
2444 2265 2656 2345 ipsius

335 2361 666 2444 subjectioni
739 2370 1064 2438 benevole
1141 2389 1220 2438 ac
1294 2371 1364 2436 in
1438 2371 1564 2437 hac
1639 2374 1837 2452 parte
1918 2375 2117 2453 grata
2191 2368 2656 2436 vicissitudine

336 2478 623 2539 occurrere
673 2474 1123 2559 disponentes,
1183 2475 1398 2558 ipsum
1441 2475 1512 2541 in
1557 2479 1873 2560 nostram,
1919 2475 2229 2543 heredum
2280 2479 2349 2542 et
2395 2492 2659 2541 succes-

335 2586 502 2640 sorum
565 2584 959 2663 nostrorum,
1034 2598 1262 2664 regum
1337 2580 1649 2647 Boemiae
1738 2579 2249 2662 praedictorum,
2340 2578 2657 2662 protecti-

335 2690 477 2743 onem
539 2686 850 2765 tanquam
924 2681 1287 2767 principem
1366 2691 1436 2752 et
1509 2683 1845 2752 subditum
1926 2688 2225 2750 nostrum
2299 2683 2655 2765 recipimus

334 2783 388 2843 et
430 2786 690 2873 tutelam,
752 2789 1222 2872 promittentes
1290 2808 1455 2874 eum,
1521 2790 1805 2857 heredes
1862 2808 1942 2857 ac
2010 2806 2435 2855 successores
2496 2806 2650 2854 suos

336 2881 385 2949 in
435 2892 702 2960 omnibus
765 2893 893 2960 sibi
960 2896 1489 2977 competentibus
1549 2895 1832 2980 juribuS,
1902 2894 2294 2975 disponente
2360 2890 2659 2976 DominO,

335 2995 616 3073 magnifice
684 3016 1086 3066 conservare
1168 3007 1238 3065 et
1305 3007 1639 3081 tamquam
1710 2998 2070 3080 quemlibet
2146 2998 2509 3079 principem
2586 3003 2657 3063 et

335 3096 604 3168 subditum
651 3106 950 3170 nostrum
995 3104 1271 3170 ubilibet
1320 3104 1679 3171 defendere
1727 3108 1797 3169 et
1838 3102 2032 3170 tueri.
2078 3102 2421 3169 Faventes
2452 3102 2656 3167 etiam

335 3202 388 3261 et
455 3210 874 3275 concedentes
966 3208 1090 3275 sibi
1178 3210 1250 3276 in
1339 3213 1745 3292 perpetuum,
1839 3212 1912 3271 ut
2000 3205 2119 3273 filii
2194 3206 2299 3271 sui
2372 3204 2655 3289 legitimi

334 3319 444 3367 cum
489 3328 742 3378 suorum
801 3314 1300 3383 successoribus
1357 3312 1676 3397 legitimis
1746 3312 1814 3377 in
1882 3310 2229 3393 praedicta
2287 3315 2473 3375 terra
2535 3327 2657 3375 sua

338 3404 712 3483 Teschinensi
768 3416 899 3483 sibi
957 3416 1238 3483 invicem
1299 3436 1558 3498 semper
1617 3417 1977 3483 succedere
2038 3417 2326 3480 debeant
2377 3415 2528 3498 jure
2588 3417 2658 3478 et

335 3508 484 3581 titulo
534 3520 960 3605 hereditariO,
1009 3524 1096 3587 ad
1138 3521 1514 3589 faciendum
1578 3528 1647 3587 et
1706 3520 2167 3586 dimittendum
2232 3536 2417 3585 suam
2462 3522 2657 3604 juxta

335 3615 704 3692 voluntatem.

494 3729 586 3795 Ad
687 3730 958 3814 maJoris
1061 3748 1319 3811 quoque
1425 3728 1915 3811 expressionem
2018 3728 2281 3812 gratiae
2386 3733 2656 3795 nostrae

337 3829 577 3905 praefato
643 3831 982 3903 Kazimiro
1059 3833 1474 3900 concedimus
1543 3838 1614 3899 et
1679 3833 1997 3916 favemuS‚
2066 3839 2140 3900 ut
2208 3834 2268 3900 si
2333 3832 2657 3899 illustrem

335 3926 660 4023 Johannem,
725 3940 955 4005 ducem
1018 3938 1716 4020 Osswienczinensem,
1776 3937 2161 4005 fratruelem
2220 3956 2421 4019 suum,
2482 3936 2659 4017 prin-

335 4032 496 4114 cipem
535 4046 823 4109 nostrum
869 4042 1204 4125 dilectum,
1250 4042 1395 4110 sive
1441 4041 1507 4108 in
1547 4042 1838 4108 futurum
1870 4059 2291 4122 quoscunque
2324 4040 2657 4123 principes

336 4143 388 4200 et
455 4144 724 4213 dominos
817 4146 1439 4213 Osswieczimenses
1531 4149 1784 4227 absque
1872 4146 2101 4212 liberis
2184 4144 2498 4229 legitimis
2574 4164 2659 4210 ex

337 4258 390 4305 se
457 4248 678 4329 genitis
767 4251 1094 4317 decedere
1184 4251 1562 4335 contigerit,
1655 4253 1826 4331 quod
1917 4255 2161 4315 extunc
2254 4249 2461 4330 ipsius
2550 4249 2659 4315 vel

334 4344 571 4428 ipsorum
665 4360 852 4423 terra
954 4359 1022 4422 et
1121 4358 1403 4423 ducatus
1507 4354 2117 4425 Osswieczimensis
2206 4356 2292 4420 ad
2381 4354 2659 4420 eundem
