3288 4973
1567 455 1959 516 —568—

773 656 1162 722 Teneantur
1206 656 1407 722 etiam
1456 674 1654 740 reges
1700 658 2034 739 Boemiae,
2080 657 2192 737 qui
2226 675 2345 739 pro
2376 662 2676 739 tempore
2708 655 2949 721 fuerint

561 764 634 827 et
678 760 834 842 sint,
881 759 1132 826 virtute
1180 759 1554 827 huiusmodi
1598 761 1963 843 imperialis
2012 760 2219 827 edicti
2271 762 2358 825 ad
2412 762 2536 827 hoc
2572 760 2952 842 specialiter

563 862 866 947 obligati,
912 868 989 929 ut
1033 863 1354 931 videlicet
1399 865 1573 930 hunc
1619 865 1979 932 articulum

1255 993 1356 1080 (ut
1400 991 1723 1057 Sulzbach
1768 995 1959 1077 1355,
1996 1015 2069 1077 p.
2114 994 2274 1080 398)

563 1146 634 1207 et
679 1142 1046 1221 praedictis
1094 1142 1324 1224 poenis
1371 1160 1493 1224 per
1539 1161 1660 1209 nos
1693 1142 1985 1225 inflictis,
2022 1143 2312 1209 servatis
2346 1141 2454 1209 vel
2486 1159 2617 1206 non
2648 1138 2950 1223 servatis,

565 1244 916 1327 praedicta
962 1246 1426 1313 nichilominus
1472 1248 1689 1313 omnia
1733 1254 1803 1313 et
1850 1265 2075 1313 eorum
2122 1246 2485 1327 quodlibet,
2546 1250 2747 1327 prout
2800 1247 2949 1310 sunt
3066 1256 3075 1263 ·

567 1354 964 1429 expressata
1011 1351 1339 1434 superius,
1382 1352 1452 1418 in
1497 1369 1615 1417 suo
1662 1354 1901 1417 robore
1946 1356 2405 1433 perseverent.

771 1454 1139 1521 Praeterea
1183 1455 1482 1521 omnibus
1529 1463 1600 1522 et
1646 1454 1930 1539 singulis
1978 1455 2044 1521 in
2093 1453 2457 1537 praedictis
2498 1452 2950 1520 marchionatu

563 1556 880 1623 videlicet
956 1558 1282 1625 Lusatiae
1359 1578 1614 1626 necnon
1694 1560 2023 1643 Mulberg,
2084 1559 2267 1627 Strel
2325 1564 2395 1625 et
2458 1556 2947 1639 Werdenhaym

567 1660 893 1743 dominiiS,
940 1662 1334 1728 civitatibus

1257 1792 1358 1879 (ut
1402 1790 1718 1856 Sulzbach
1766 1793 1955 1872 1355,
2001 1816 2073 1878 p.
2118 1791 2277 1877 398)

567 1921 882 1987 duxerint
929 1922 1412 1989 destinandum.

774 2026 1212 2093 Habitatores
1245 2028 1446 2093 etiam
1478 2026 1768 2108 praefati
1798 2026 2296 2096 marchionatus
2328 2026 2671 2109 Lusatiae,
2704 2044 2955 2093 necnon

567 2130 1003 2201 dominiorum
1049 2132 1374 2215 Mulberg,
1429 2131 1610 2198 Strel
1660 2130 1743 2197 et'
1770 2132 2265 2214 Werdenhaym
2297 2137 2369 2197 et
2400 2131 2951 2213 pertinentiarum

567 2234 1028 2316 quorumlibet,
1101 2235 1210 2301 vel
1278 2236 1392 2317 qui
1460 2243 1707 2317 castra,
1773 2235 2195 2319 munitioneS,
2264 2234 2503 2317 curiaS,
2570 2236 2799 2301 domos
2842 2239 2957 2299 aut

568 2339 1023 2419 possessiones
1091 2339 1334 2405 ibidem
1403 2340 1783 2419 habuerint,
1869 2357 1998 2405 non
2066 2340 2359 2404 audeant
2424 2338 2957 2420 praesumptione

571 2461 1024 2528 quacunquae‚
1071 2443 1371 2524 qualibet
1415 2444 1766 2511 occasione
1816 2461 1933 2510 seu
1984 2443 2205 2510 colore
2255 2442 2599 2526 quaesitis,
2646 2444 2735 2510 ad
2783 2442 2957 2526 ipsos

527 2629 534 2635 ⁶
569 2549 1097 2615 marchionatum
1141 2549 1464 2615 Lusatiae
1497 2549 1935 2631 praedictum,
1969 2565 2225 2613 necnon
2253 2548 2323 2613 in
2358 2545 2706 2630 Mullberg,
2737 2547 2956 2612 Strele

571 2657 641 2717 et
687 2653 1204 2736 Werdenhaym,
1245 2654 1534 2720 dominia
1565 2660 1799 2718 nostra
1846 2661 1917 2716 et
1965 2657 2274 2718 caeteras
2321 2651 2513 2734 regni
2558 2655 2630 2716 et
2676 2669 2959 2717 coronae

571 2755 886 2823 Boemiae
934 2758 1398 2840 pertinentias,
1443 2757 1671 2838 aliqua
1702 2775 1872 2837 quae
1910 2756 1979 2821 in
2011 2758 2361 2836 dampnum
2392 2773 2515 2822 seu
2544 2756 2959 2836 dispendium

569 2860 776 2949 regni,
821 2863 1310 2944 regnicolarum
1354 2868 1424 2927 et
1461 2867 1795 2927 terrarum
1828 2879 2111 2944 vergere
2143 2866 2437 2941 possent,
2471 2860 2954 2939 quomodolibet

575 2970 998 3048 attemptare.
1057 2967 1238 3032 Nulli
1284 2966 1483 3032 etiam
1543 2965 1780 3031 talium
1825 2965 2266 3030 habitantium
2316 2981 2437 3030 seu
2482 2964 2959 3047 possidentium

573 3069 765 3152 bona,
821 3075 1067 3152 castra,
1130 3073 1374 3164 domOS,
1435 3070 1837 3136 munitiones
1898 3087 2019 3135 seu
2066 3067 2341 3150 praedia
2388 3069 2455 3132 in
2499 3069 2957 3134 marchionatu

571 3172 894 3240 Lusatiae
961 3176 1325 3256 praedicto,
1373 3191 1631 3240 necnon
1678 3173 2029 3256 Mullberg,
2090 3171 2273 3238 Strel
2331 3175 2401 3238 et
2462 3171 2951 3254 Werdenhaym

575 3279 877 3344 dominiis
925 3279 1172 3346 nostris
1220 3285 1290 3345 et
1335 3296 1562 3345 eorum
1609 3277 2057 3360 pertinentiis,
2122 3277 2324 3343 etiam
2370 3276 2429 3341 si
2472 3275 2639 3340 talia
2702 3275 2957 3342 heredi-

577 3383 762 3465 tatiS,
828 3384 1265 3466 proprietatis
1325 3402 1446 3450 seu
1493 3383 1729 3464 quovis
1792 3383 1922 3448 alio
1982 3381 2178 3448 titulo
2241 3379 2682 3463 possiderent,
2740 3380 2959 3460 aliqua

575 3487 837 3553 ratione
882 3486 1087 3554 liceat
1133 3492 1214 3555 de
1262 3487 1452 3554 bonis
1499 3492 1571 3553 et
1615 3491 1818 3554 rebus
1862 3485 2253 3566 huiusmodi,
2298 3483 2451 3549 sitis
2497 3483 2673 3549 infra
2718 3483 2958 3549 limites

574 3593 1072 3658 marchionatus
1099 3592 1423 3659 Lusatiae
1448 3599 1516 3659 et
1541 3593 1973 3658 dominiorum
1996 3588 2324 3672 Mulberg,
2348 3587 2528 3655 Strel
2548 3593 2618 3652 et
2636 3587 2955 3653 Werden-

574 3695 772 3778 haym
791 3705 1330 3778 expressatorum
1348 3699 1675 3780 superius,
1700 3715 1773 3761 se
1797 3695 1998 3762 alicui
2022 3695 2216 3760 alteri
2244 3691 2527 3757 dominio
2546 3709 2667 3756 seu
2684 3690 2962 3774 dominc,

581 3799 770 3866 cuius
797 3801 996 3868 etiam
1022 3803 1611 3884 praeeminentiae,
1630 3805 1851 3866 status
1878 3817 1998 3865 seu
2021 3796 2394 3864 nobilitatis
2412 3795 2727 3878 existant,
2747 3795 2956 3861 vasal-

578 3905 778 3990 lagi0,
823 3908 1148 3991 homagio,
1187 3907 1385 3972 feudo
1418 3912 1537 3972 aut
1565 3905 1697 3971 alio
1730 3905 1964 3987 quovis
1998 3903 2195 3968 titulo
2228 3901 2552 3982 subicere,
2590 3902 2714 3966 sub
2746 3915 2955 3982 poena

577 4011 975 4092 perditionis
1022 4013 1307 4078 omnium
1353 4014 1669 4078 bonorum
1728 4027 2011 4088 suorum,
2072 4024 2240 4087 quae
2297 4009 2459 4071 tunc
2517 4004 2837 4086 temporis
2892 4003 2957 4068 in

580 4115 824 4181 eisdem
875 4114 1259 4198 principatu
1303 4135 1382 4182 ac
1428 4114 1735 4181 dominiis
1763 4111 2033 4184 ⁴nostris
2078 4108 2571 4190 quomodolibet
2607 4109 2959 4174 obtineret.

787 4219 881 4286 Ut
903 4221 1107 4286 etiam
1130 4221 1412 4304 insignis
1444 4219 1945 4284 marchionatus
1972 4214 2297 4280 Lusatiae
2320 4211 2687 4295 praefatus,
2711 4225 2959 4278 necnon

576 4323 645 4389 in
692 4324 1016 4408 Mulberg‚
1065 4325 1243 4391 Strel
1292 4331 1363 4392 et
1408 4322 1903 4404 Werdenhaym
1951 4318 2255 4399 dominia,
2318 4324 2564 4395 castra,
2624 4315 2954 4396 civitatem,

578 4431 822 4508 terrae,
897 4429 1298 4494 munitiones
1370 4435 1438 4494 et
1504 4428 1652 4492 loca
1718 4425 2077 4506 quaelibet,
2144 4438 2315 4502 quae
2382 4420 2465 4485 de
2534 4417 2957 4501 pertinentiis
