3288 4973
1571 376 1959 436 —532—

775 572 996 657 Quare
1057 572 1276 640 dictus
1339 574 1707 656 imperator
1766 576 1957 643 nobis
2018 578 2363 644 humiliter
2409 577 2838 661 supplicavit,
2883 585 2955 643 ut

564 679 700 741 tam
747 677 814 743 in
863 676 1358 763 Bambergensi,
1417 680 1897 763 Ratisponensi
1944 686 2015 748 et
2066 680 2391 748 Misnensi
2450 681 2849 749 civitatibus
2892 688 2957 748 et

563 779 818 847 diocesi
885 798 1087 862 super
1154 780 1522 863 praemissa
1561 780 1949 869 'diligenter
2010 786 2445 868 providende,
2506 804 2701 865 quam
2763 786 2960 852 etiam

561 884 630 949 in
675 888 792 949 tua
836 884 1182 966 provincia
1228 886 1578 973 Pragensi,
1636 906 1811 969 quae
1862 890 1935 956 in
1980 908 2185 972 regno
2252 888 2565 956 Boemiae
2624 888 2957 972 consistit,

562 992 638 1055 ut
705 988 948 1055 ibidem
1008 988 1308 1071 pleniore
1369 992 1779 1059 auctoritate
1844 994 2133 1060 virtutes
2200 993 2595 1060 excolantur
2655 998 2730 1059 et
2794 994 2957 1060 vitia

561 1093 1022 1174 exstirpentur
1067 1098 1138 1159 et
1181 1098 1257 1161 ut
1304 1094 1508 1162 etiam
1553 1096 1918 1179 Pragensis
1976 1097 2265 1165 ecclesia
2321 1098 2393 1162 in
2440 1114 2562 1163 sua
2610 1097 2953 1179 provincia

561 1196 845 1278 amplius
922 1197 1302 1283 honoretur,
1377 1204 1448 1264 te
1523 1202 1595 1264 et
1670 1218 2095 1267 successores
2170 1207 2343 1285 tuos,
2416 1200 2953 1284 archiepiscopos

563 1301 959 1385 Pragenses,
1023 1301 1134 1381 qui
1188 1306 1390 1368 erunt
1435 1320 1556 1383 pro
1603 1308 1925 1387 tempore,
1982 1304 2395 1386 apostolicae
2460 1304 2640 1371 sedis
2700 1304 2953 1388 legatos

563 1412 922 1487 perpetuos
967 1405 1213 1471 ibidem
1269 1406 1684 1474 constituere
1748 1412 1819 1473 et
1878 1425 2115 1475 creare
2174 1411 2258 1474 de
2320 1409 2741 1493 benignitate
2802 1428 2953 1493 apo-

561 1510 801 1577 stolica
847 1509 1290 1593 dignaremur.
2352 1569 2363 1579 .

769 1614 907 1681 Nos
967 1615 1198 1695 itaque
1269 1615 1652 1697 praemissis
1720 1616 2019 1682 omnibus
2092 1616 2456 1701 diligenter
2522 1617 2811 1684 attentis
2874 1636 2949 1684 ac

559 1737 761 1800 super
805 1718 910 1785 his
957 1718 1422 1785 informatione
1469 1724 1747 1801 recepta
1793 1724 1863 1785 et
1909 1737 2055 1785 cum
2104 1720 2307 1786 dictis
2346 1719 2673 1789 fratribus
2705 1721 2948 1788 delibe-

557 1824 817 1889 ratione
862 1820 1277 1906 praehabita,
1339 1824 1550 1905 ipsius
1595 1824 2017 1904 imperatoris
2068 1826 2138 1890 in
2184 1826 2312 1892 hac
2370 1830 2565 1907 parte
2620 1826 2949 1908 supplica·

557 1929 850 1994 tionibus
896 1926 1221 2010 inclinati,
1266 1928 1348 1991 de
1389 1926 1719 1993 dictorum
1750 1926 2030 1993 fratrum
2066 1928 2343 1996 consilio
2376 1929 2763 2010 praedictas
2796 1928 2946 1995 civi·

557 2036 768 2098 tatem
801 2036 873 2098 et
905 2031 1200 2096 diocesin
1229 2030 1791 2097 Ratisbonensem
1824 2034 1909 2096 ab
1939 2032 2119 2098 omni
2140 2032 2627 2116 jurisdictione,
2664 2032 2947 2099 dominio

559 2140 630 2201 et
675 2140 1036 2217 potestate,
1084 2152 1256 2215 quae
1302 2134 1846 2217 archiepiscopus
1892 2135 2465 2220 SalzeburgensiS,
2524 2132 2637 2216 qui
2682 2146 2793 2203 est
2836 2154 2950 2219 pro

559 2245 861 2321 tempore
922 2244 994 2305 et
1037 2238 1148 2318 qui
1195 2239 1264 2304 in
1310 2239 1660 2319 provincia
1708 2258 1830 2305 sua
1874 2238 2411 2323 salzeburgensi,
2466 2242 2549 2307 de
2596 2259 2728 2321 qua
2774 2240 2951 2307 dicta

558 2344 800 2411 civitas
846 2348 920 2408 et
963 2343 1250 2409 diocesis
1293 2341 1827 2427 RatisbonensiS,
1872 2350 1949 2409 ut
1986 2344 2385 2427 praefertur,
2428 2344 2749 2427 existunt,
2796 2364 2947 2427 apo-

558 2448 837 2516 stolicae
883 2448 1064 2515 sedis
1109 2449 1375 2533 legatus
1423 2446 1564 2514 fore
1614 2448 1878 2533 dicitur,
1924 2448 1992 2516 in
2042 2448 2207 2532 ipsis
2253 2448 2534 2516 civitate
2580 2454 2651 2516 et
2697 2450 2951 2517 diocesi

555 2552 1038 2634 Ratisponensi
1072 2555 1225 2637 jure
1272 2569 1390 2618 seu
1437 2553 1699 2619 ratione
1747 2555 1971 2621 dictae
2019 2554 2377 2638 legationis
2424 2555 2631 2620 habet
2676 2573 2797 2622 seu
2828 2555 2950 2622 sibi

556 2659 1137 2738 quomodocunque
1199 2662 1270 2723 et
1325 2655 1881 2738 qualitercunque
1952 2663 2337 2739 competunt
2400 2657 2506 2723 vel
2570 2664 2948 2740 competere

556 2767 854 2844 possunt,
921 2765 992 2826 et
1059 2763 1142 2826 ab
1211 2761 1359 2842 ipsa
1425 2761 1765 2846 legatione
1840 2765 2189 2846 duntaxat,
2258 2780 2341 2827 ex
2370 2767 2375 2770 ’
2406 2767 2595 2828 certa
2664 2761 2950 2830 scientia

555 2870 626 2932 et
683 2869 767 2932 de
813 2864 1221 2946 apostolicae
1283 2866 1643 2946 potestatis
1706 2865 2139 2948 plenitudine,
2201 2865 2269 2931 in
2328 2871 2537 2931 totum
2608 2865 2952 2932 eximimus

555 2974 626 3036 et
671 2970 970 3051 plenarie
1023 2967 1401 3052 liberamus,
1460 2975 1661 3049 teque
1724 2975 1793 3035 et
1854 2988 2281 3036 successores
2342 2975 2509 3052 tuos,
2572 2970 2950 3054 Pragenses

553 3074 1111 3156 archiepiscopos,
1165 3073 1278 3154 qui
1325 3081 1524 3139 erunt
1571 3092 1689 3156 pro
1736 3079 2053 3157 tempore,
2115 3078 2476 3157 perpetuos
2537 3074 2947 3155 apostolicae

554 3178 737 3245 sedis
796 3179 1058 3260 legatos
1120 3179 1190 3243 in
1252 3177 1502 3243 eisdem
1563 3178 1911 3259 provincia
1980 3184 2097 3244 tua
2164 3197 2247 3250 ac
2314 3177 2385 3242 in
2450 3177 2949 3262 Bambergensi,

553 3280 1034 3363 Ratisponensi
1102 3288 1172 3346 et
1239 3281 1565 3347 Misnensi
1629 3282 2019 3348 civitatibus
2082 3287 2154 3347 et
2221 3281 2474 3348 diocesi
2540 3283 2949 3349 auctoritate

552 3385 926 3468 apostolica
985 3385 1280 3467 facimuS,
1343 3384 1807 3451 constituimus
1866 3392 1939 3451 et
1998 3400 2321 3469 creamus,
2380 3383 2507 3450 tibi
2564 3391 2637 3451 et
2698 3386 2945 3452 eisdem

553 3489 1050 3556 successoribus
1097 3489 1166 3554 in
1214 3490 1464 3555 eisdem
1489 3493 1614 3555 ‘tua
1654 3489 2000 3570 provincia
2032 3508 2113 3555 ac
2145 3489 2537 3555 civitatibus
2578 3497 2649 3555 et
2678 3490 2940 3573 diocesi,

551 3601 628 3660 ut
669 3585 940 3659 ibide'm
1002 3592 1330 3674 evellatis,
1392 3591 1739 3675 dissipetis
1807 3600 2011 3673 atque
2085 3592 2403 3674 plantetis
2465 3600 2536 3658 et
2598 3593 2821 3660 omnia
2880 3599 2945 3660 et

555 3697 840 3782 singula,
903 3714 1074 3777 quae
1121 3697 1207 3761 ad
1249 3695 1627 3778 huJusmodi
1688 3697 2043 3778 legationis
2112 3695 2395 3762 officium
2458 3698 2540 3762 de
2591 3698 2746 3781 jure
2804 3717 2945 3780 per·

552 3803 793 3884 tinent,
843 3817 1156 3867 exercere
1204 3805 1270 3865 et
1316 3799 1545 3866 facere
1591 3801 1899 3884 valeatiS,
1947 3802 2132 3867 vices
2181 3806 2447 3866 nostras
2487 3805 2559 3866 et
2587 3801 2941 3885 legationis

552 3905 837 3973 officium
885 3903 1205 3986 perpetuo
1255 3905 1775 3998 committenteS‚
1838 3923 2100 3972 necnon
2161 3903 2693 3970 contradictores
2756 3924 2938 3987 quos-

551 4011 719 4077 libet
739 4016 812 4076 et
833 4009 1124 4074 rebelles
1155 4009 1565 4075 auctoritate
1597 4016 1831 4076 nostra
1864 4029 1984 4090 per
2017 4025 2365 4076 censuram
2398 4008 2938 4093 ecclesiasticam,

551 4112 1001 4197 appellatione
1077 4112 1476 4194 postposita,
1547 4115 2010 4194 compescendi
2087 4112 2477 4179 facultatem
2547 4113 2809 4194 plenam
2875 4119 2941 4180 et

545 4216 822 4286 liberam
856 4219 1300 4283 concedentes
1325 4219 1352 4298 3'
1388 4219 1518 4281 n‘on
1551 4218 1973 4284 obstantibus
2008 4218 2529 4298 quibuscumque
2560 4219 2937 4285 constituti-

549 4325 782 4390 onibus
829 4339 1084 4387 necnon
1131 4321 1501 4404 privilegiis
1563 4322 1977 4404 apostolicis,
2040 4321 2282 4406 gratiis
2334 4327 2421 4387 et·
2449 4321 2671 4387 literis
2732 4323 2935 4389 eidem
