3288 4973
1364 407 1753 470 —405--

572 609 725 676 371.
791 607 1223 696 Capitulum
1284 608 1896 680 Vratislaviense
1949 611 2284 679 testatur
2335 607 2617 679 habere
2669 627 2754 679 se

364 709 723 799 oppidum
768 711 1121 783 Grotkov
1156 712 1333 801 jnre
1379 712 1607 783 feodi.

1109 836 1306 922 1355,
1352 838 1457 903 24.
1510 832 2001 922 Septembris.

563 972 693 1027 List
728 974 982 1041 kapitoly
1018 972 1431 1041 Vratislavske‚
1478 980 1542 1029 ze
1571 974 1676 1044 jim
1712 975 1990 1043 svedomo,
2031 975 2234 1028 kterak
2249 962 2507 1029 Preclav
2545 973 2746 1041 biskup

358 1058 755 1127 Vratislavsky
793 1064 971 1115 mesto
1010 1060 1264 1115 Grotkov
1318 1074 1377 1115 so
1418 1063 1559 1115 vfiim
1594 1060 2050 1129 piislnsenstvim
2085 1076 2121 1113 v
2155 1060 2434 1115 manstvie
2475 1060 2642 1130 piijal
2679 1060 2748 1114 od

358 1146 512 1201 krale
546 1146 587 1202 J
590 1162 698 1201 ana
733 1148 987 1202 ceskeho.

561 1269 1000 1338 Serenissimo
1026 1272 1328 1356 principi,
1361 1274 1527 1337 dom.
1553 1272 1801 1339 Karolo
1827 1274 2056 1340 divina
2083 1272 2359 1339 favente
2390 1270 2744 1337 clementia

352 1374 535 1444 Rom.
561 1374 1025 1456 imperatoris.
1051 1397 1109 1443 a.
1134 1382 1203 1442 et
1228 1376 1539 1442 Boemiae
1564 1376 1709 1461 regi
1734 1377 2190 1459 invictissime,
2222 1376 2478 1441 domino
2512 1377 2742 1441 nostro

350 1479 642 1561 gratioso
672 1514 760 1529 -—-
790 1480 1035 1546 Petrus
1083 1483 1166 1546 de
1214 1481 1407 1546 Luna
1454 1481 1894 1563 praeposituS,
1938 1482 2282 1549 Johannes
2329 1482 2410 1545 de
2461 1478 2737 1545 Sedlecz

352 1586 662 1667 decenne,
706 1585 1013 1651 Andreas
1062 1587 1144 1651 de
1182 1585 1558 1652 Raslawicz
1590 1593 1827 1652 cantor
1858 1592 1928 1653 et
1961 1586 2276 1653 Nicolaus
2308 1586 2390 1649 de
2423 1582 2736 1649 Panwicz

350 1694 591 1771 custoS,
646 1692 993 1768 totumque
1056 1689 1421 1771 capitulum
1468 1690 1795 1756 ecclesiae
1866 1688 2464 1771 WratislaviensiS,
2511 1686 2740 1752 devoti
2837 1758 2840 1764 ¹

346 1792 575 1876 ipsius,
630 1810 777 1859 cum
838 1793 1485 1859 recommendatione
1551 1793 1924 1860 orationum
1989 1813 2277 1877 suarum,
2321 1794 2607 1859 salutem
2668 1796 2742 1855 et

346 1902 476 1963 tam
520 1896 901 1979 praesentis
951 1898 1134 1964 vitae
1179 1898 1487 1980 gaudium
1536 1916 1733 1979 quam
1779 1898 2064 1965 futurae.

546 2000 985 2067 serenissime
1034 2003 1346 2086 princeps
1393 2010 1463 2069 et
1508 2004 1767 2069 domine
1813 2004 2143 2086 gratiose!

548 2104 973 2173 Excellentia
1022 2114 1255 2173 vestra
1300 2126 1497 2173 nosse
1545 2107 1882 2191 dignetur,
1938 2109 2106 2188 quod
2158 2106 2408 2191 pridem
2457 2121 2732 2171 venera-

344 2208 490 2275 bilis
538 2210 607 2275 in
654 2209 806 2276 Chr.
852 2215 1049 2292 pater
1094 2217 1166 2277 et
1212 2212 1513 2279 dominus
1560 2218 1810 2297 noster,
1855 2215 1916 2278 d.
1963 2212 2323 2279 Preczlaus
2371 2228 2471 2291 ep.
2520 2208 2737 2280 Wrat.

342 2330 467 2379 nna
545 2315 889 2381 nobiscum
971 2332 1176 2398 super
1248 2315 1445 2382 feudo
1522 2317 1749 2399 oppidi
1823 2316 2146 2383 Grotkow
2210 2333 2354 2381 cum
2418 2320 2604 2381 terra
2663 2316 2735 2378 et

339 2418 649 2484 districtu
695 2436 776 2485 ac
822 2420 1125 2485 omnibus
1174 2428 1243 2485 et
1288 2420 1569 2504 singulis
1624 2421 1888 2505 juribus
1951 2427 2022 2488 et
2083 2416 2508 2505 pertinentiis
2570 2416 2735 2501 suis,

338 2539 591 2589 necnon
636 2543 839 2606 super
886 2530 1247 2605 patronatu
1294 2543 1415 2592 seu
1452 2528 1604 2608 jure
1651 2533 2046 2608 patronatus
2093 2525 2352 2591 nomine
2397 2521 2726 2590 ecclesiae

342 2626 549 2693 Wrat.
600 2627 985 2709 praedictae
1030 2615 1269 2695 literas
1318 2631 1838 2712 recongnitiouis
1884 2637 2198 2712 patentes
2235 2629 2444 2711 ipsius
2478 2625 2724 2692 domini

338 2732 543 2798 nostri
589 2732 890 2814 episcopi
935 2739 1003 2798 et
1050 2745 1279 2799 nostro
1326 2734 1569 2816 sigillis
1616 2735 1950 2818 sigillatas
2000 2734 2184 2800 dedit
2231 2738 2302 2799 et
2346 2729 2725 2812 assignavit

342 2834 547 2902 clarae
594 2838 945 2904 memoriae
992 2840 1316 2917 quondam
1366 2838 1926 2905 excellentissimo
1977 2837 2280 2920 principi,
2326 2838 2388 2904 d.
2417 2833 2714 2901 Johanni

345 2939 473 3021 regi
494 2941 824 3014 Boemiae,
850 2942 1111 3008 nomine
1135 2960 1416 3007 coronae
1442 2943 1627 3024 regni
1657 2943 1729 3009 B.
1751 2943 2102 3024 recipienti
2121 2966 2136 3021 ;
2155 2959 2426 3022 quarum
2446 2945 2717 3004 tenores

346 3042 416 3107 de
458 3048 658 3111 verbo
706 3047 791 3112 ad
838 3050 1111 3112 verbum
1160 3046 1393 3112 taliter
1439 3049 1974 3127 subsequuntur:

881 3187 1026 3250 ddo.
1082 3192 1182 3252 23.
1230 3185 1393 3250 Nov,
1446 3190 1611 3251 1344
1659 3185 1834 3265 (vide
1879 3209 1939 3251 n.
1985 3185 2159 3272 240),

1131 3297 1183 3356 1.
1228 3287 1393 3356 Julii
1443 3293 1608 3356 1342
1657 3293 1832 3378 (vide
1876 3312 1934 3354 n.
1980 3289 2151 3373 214).

526 3427 623 3492 Ne
670 3426 878 3508 igitur
936 3429 1271 3510 aliquibus
1318 3432 1385 3498 in
1431 3433 1700 3499 dubium
1762 3433 2051 3513 eveniat,
2111 3430 2282 3510 quod
2345 3446 2426 3492 ea
2486 3425 2704 3490 omnia

340 3535 399 3592 et
420 3528 692 3613 singula,
718 3533 983 3611 quaein
1012 3537 1445 3617 praescriptis
1471 3536 1690 3601 literis
1717 3536 2147 3601 continentur
2177 3539 2248 3600 et
2272 3531 2436 3598 dicti
2463 3529 2709 3595 domini

340 3633 535 3698 nostri
602 3634 898 3718 episcopi
958 3637 1166 3704 Wrat.
1228 3647 1299 3705 et
1358 3641 1609 3706 nostris
1673 3649 1830 3704 sunt
1890 3639 2190 3723 sigillata
2252 3635 2508 3721 sigilliS,
2572 3643 2706 3700 tam

338 3749 517 3816 super
559 3739 1063 3822 recongnitione
1108 3740 1291 3809 feudi
1339 3744 1567 3826 oppidi
1614 3744 1989 3824 supradicti
2061 3745 2376 3809 Grotkow
2445 3756 2704 3806 necnon

342 3841 539 3929 terrae
598 3859 727 3908 seu
788 3843 1139 3910 districtus
1200 3865 1281 3912 ac
1346 3848 1898 3928 pertinentiarum
1947 3849 2174 3930 ipsius,
2245 3865 2438 3927 quam
2501 3862 2703 3928 super

334 3937 463 4017 jure
506 3950 901 4026 patronatus
949 3950 1209 4016 nomine
1257 3951 1582 4018 ecclesiae
1650 3953 1861 4018 Wrat.
1909 3971 1991 4020 ac
2037 3952 2237 4018 etiam
2286 3969 2489 4030 super
2533 3949 2702 4029 aliiS‚

343 4061 489 4122 quae
530 4049 597 4116 in
643 4051 893 4116 eisdem
940 4052 1157 4118 literis
1206 4062 1363 4120 sunt
1411 4073 1748 4136 expressa,
1797 4056 2148 4123 oblivionis
2194 4055 2486 4120 defectui
2545 4071 2700 4132 quo-

340 4151 671 4218 modolibet
716 4155 1165 4238 subjacerent,
1210 4175 1331 4222 nos
1366 4209 1376 4219 .
1413 4209 1473 4221 ..
1522 4159 1884 4240 capitulum
1948 4167 2379 4226 memoratum
2444 4176 2700 4223 necnon

340 4249 687 4336 singulares
736 4276 1059 4339 personae
1106 4259 1318 4340 ipsius
1363 4262 1607 4327 domini
1640 4265 1938 4346 episcopi
1968 4264 2336 4345 supradicti
2366 4272 2436 4329 et
2468 4272 2696 4328 nostro

342 4371 411 4419 ac
437 4359 745 4426 ecclesiae
780 4361 993 4427 Wrat.
1025 4365 1395 4431 nominibus
1430 4383 1748 4448 expresse
1783 4369 2313 4451 recognoscimus
2340 4377 2409 4431 et
2435 4369 2693 4449 publice
