<?xml version="1.0" encoding="UTF-8"?>
<!DOCTYPE html PUBLIC "-//W3C//DTD XHTML 1.0 Transitional//EN"
    "http://www.w3.org/TR/xhtml1/DTD/xhtml1-transitional.dtd">
<html xmlns="http://www.w3.org/1999/xhtml" xml:lang="en" lang="en">
 <head>
  <title>
</title>
<meta http-equiv="Content-Type" content="text/html;charset=utf-8" />
  <meta name='ocr-system' content='tesseract 3.04.00' />
  <meta name='ocr-capabilities' content='ocr_page ocr_carea ocr_par ocr_line ocrx_word'/>
</head>
<body>
  <div class='ocr_page' id='page_1' title='image "./codexjurisbohem00bohegoog_0230.png"; bbox 0 0 3288 4973; ppageno 0'>
   <div class='ocr_carea' id='block_1_1' title="bbox 2600 6 3194 232">
    <p class='ocr_par' dir='ltr' id='par_1_1' title="bbox 2600 6 3204 232">
     <span class='ocr_line' id='line_1_1' title="bbox 2600 6 3194 232; baseline 0 -222"><span class='ocrx_word' id='word_1_1' title='bbox 2600 8 2603 10; x_wconf 0' lang='lat' dir='ltr'> </span> <span class='ocrx_word' id='word_1_2' title='bbox 2719 6 3194 232; x_wconf 37' lang='grc' dir='ltr'>ἡ</span> 
     </span>
    </p>
   </div>
   <div class='ocr_carea' id='block_1_2' title="bbox 547 579 3189 1191">
    <p class='ocr_par' dir='ltr' id='par_1_2' title="bbox 547 579 3189 1191">
     <span class='ocr_line' id='line_1_2' title="bbox 763 579 2931 654; baseline -0.001 -3"><span class='ocrx_word' id='word_1_3' title='bbox 763 587 915 653; x_wconf 73' lang='grc'><strong>201.</strong></span> <span class='ocrx_word' id='word_1_4' title='bbox 992 588 1063 650; x_wconf 88' lang='lat' dir='ltr'><strong>et</strong></span> <span class='ocrx_word' id='word_1_5' title='bbox 1130 586 1280 653; x_wconf 81' lang='lat'><strong>2⁰5.</strong></span> <span class='ocrx_word' id='word_1_6' title='bbox 1372 582 2090 654; x_wconf 68' lang='lat' dir='ltr'><strong>confoederationes</strong></span> <span class='ocrx_word' id='word_1_7' title='bbox 2180 584 2256 651; x_wconf 86' lang='lat' dir='ltr'><strong>et</strong></span> <span class='ocrx_word' id='word_1_8' title='bbox 2344 579 2664 651; x_wconf 78' lang='lat' dir='ltr'><strong>uniones</strong></span> <span class='ocrx_word' id='word_1_9' title='bbox 2740 579 2931 649; x_wconf 79' lang='lat' dir='ltr'><strong>inter</strong></span> 
     </span>
     <span class='ocr_line' id='line_1_3' title="bbox 555 684 2924 771; baseline -0.002 -16"><span class='ocrx_word' id='word_1_10' title='bbox 555 687 953 757; x_wconf 83' lang='lat' dir='ltr'><strong>Albertum</strong></span> <span class='ocrx_word' id='word_1_11' title='bbox 1000 688 1263 757; x_wconf 83' lang='lat' dir='ltr'><strong>ducem</strong></span> <span class='ocrx_word' id='word_1_12' title='bbox 1310 687 1675 757; x_wconf 83' lang='lat' dir='ltr'><strong>Austriae</strong></span> <span class='ocrx_word' id='word_1_13' title='bbox 1722 690 1798 756; x_wconf 89' lang='lat' dir='ltr'><strong>et</strong></span> <span class='ocrx_word' id='word_1_14' title='bbox 1843 684 2315 756; x_wconf 83' lang='lat' dir='ltr'><strong>Fridericum</strong></span> <span class='ocrx_word' id='word_1_15' title='bbox 2363 689 2440 756; x_wconf 87' lang='lat' dir='ltr'><strong>et</strong></span> <span class='ocrx_word' id='word_1_16' title='bbox 2467 684 2924 771; x_wconf 80' lang='lat' dir='ltr'><strong>Leupoldum</strong></span> 
     </span>
     <span class='ocr_line' id='line_1_4' title="bbox 550 787 2928 878; baseline -0.001 -19"><span class='ocrx_word' id='word_1_17' title='bbox 550 792 961 862; x_wconf 85' lang='lat' dir='ltr'><strong>fratrueles</strong></span> <span class='ocrx_word' id='word_1_18' title='bbox 1010 811 1213 876; x_wconf 81' lang='lat' dir='ltr'><strong>su0S‚</strong></span> <span class='ocrx_word' id='word_1_19' title='bbox 1261 795 1487 878; x_wconf 88' lang='lat' dir='ltr'><strong>atque</strong></span> <span class='ocrx_word' id='word_1_20' title='bbox 1534 791 1888 862; x_wconf 55' lang='lat' dir='ltr'><strong>staffilum</strong></span> <span class='ocrx_word' id='word_1_21' title='bbox 1947 790 2456 860; x_wconf 77' lang='lat' dir='ltr'>marchionem</span> <span class='ocrx_word' id='word_1_22' title='bbox 2527 787 2928 871; x_wconf 74' lang='lat' dir='ltr'><strong>Mol-aviae,</strong></span> 
     </span>
     <span class='ocr_line' id='line_1_5' title="bbox 552 893 2930 983; baseline -0.001 -19"><span class='ocrx_word' id='word_1_23' title='bbox 552 896 754 981; x_wconf 88' lang='lat' dir='ltr'><strong>quod</strong></span> <span class='ocrx_word' id='word_1_24' title='bbox 795 895 1123 982; x_wconf 80' lang='lat' dir='ltr'><strong>praefati</strong></span> <span class='ocrx_word' id='word_1_25' title='bbox 1156 897 1387 965; x_wconf 83' lang='lat' dir='ltr'><strong>duces</strong></span> <span class='ocrx_word' id='word_1_26' title='bbox 1420 894 1758 983; x_wconf 83' lang='lat' dir='ltr'><strong>ejusdem</strong></span> <span class='ocrx_word' id='word_1_27' title='bbox 1792 893 2254 965; x_wconf 82' lang='lat' dir='ltr'><strong>marchionis</strong></span> <span class='ocrx_word' id='word_1_28' title='bbox 2288 893 2636 963; x_wconf 84' lang='lat' dir='ltr'><strong>subditos</strong></span> <span class='ocrx_word' id='word_1_29' title='bbox 2669 896 2930 961; x_wconf 86' lang='lat' dir='ltr'><strong>contra</strong></span> 
     </span>
     <span class='ocr_line' id='line_1_6' title="bbox 547 996 2925 1088; baseline -0.001 -20"><span class='ocrx_word' id='word_1_30' title='bbox 547 1000 795 1085; x_wconf 83' lang='lat' dir='ltr'><strong>ipsum</strong></span> <span class='ocrx_word' id='word_1_31' title='bbox 832 1001 1111 1088; x_wconf 88' lang='lat' dir='ltr'><strong>juvare</strong></span> <span class='ocrx_word' id='word_1_32' title='bbox 1156 1004 1289 1071; x_wconf 84' lang='lat' dir='ltr'><strong>aut</strong></span> <span class='ocrx_word' id='word_1_33' title='bbox 1335 998 1410 1067; x_wconf 90' lang='lat' dir='ltr'><strong>in</strong></span> <span class='ocrx_word' id='word_1_34' title='bbox 1458 1000 1621 1070; x_wconf 83' lang='lat' dir='ltr'><strong>suis</strong></span> <span class='ocrx_word' id='word_1_35' title='bbox 1669 999 1903 1071; x_wconf 84' lang='lat' dir='ltr'><strong>terris</strong></span> <span class='ocrx_word' id='word_1_36' title='bbox 1950 998 2213 1069; x_wconf 84' lang='lat' dir='ltr'><strong>fovere</strong></span> <span class='ocrx_word' id='word_1_37' title='bbox 2243 998 2371 1067; x_wconf 88' lang='lat' dir='ltr'><strong>vel</strong></span> <span class='ocrx_word' id='word_1_38' title='bbox 2402 996 2787 1085; x_wconf 79' lang='lat' dir='ltr'><strong>refugium</strong></span> <span class='ocrx_word' id='word_1_39' title='bbox 2819 996 2925 1065; x_wconf 78' lang='lat' dir='ltr'><strong>eis</strong></span> 
     </span>
     <span class='ocr_line' id='line_1_7' title="bbox 559 1103 3189 1191; baseline 0 -18"><span class='ocrx_word' id='word_1_40' title='bbox 559 1105 883 1190; x_wconf 79' lang='lat' dir='ltr'><strong>prebere</strong></span> <span class='ocrx_word' id='word_1_41' title='bbox 929 1103 1197 1191; x_wconf 83' lang='lat' dir='ltr'><strong>nolint,</strong></span> <span class='ocrx_word' id='word_1_42' title='bbox 1246 1110 1321 1175; x_wconf 86' lang='lat' dir='ltr'><strong>et</strong></span> <span class='ocrx_word' id='word_1_43' title='bbox 1366 1106 1537 1175; x_wconf 89' lang='lat' dir='ltr'><strong>vice</strong></span> <span class='ocrx_word' id='word_1_44' title='bbox 1583 1122 1830 1173; x_wconf 85' lang='lat' dir='ltr'><strong>versa.</strong></span> <span class='ocrx_word' id='word_1_45' title='bbox 3178 1122 3189 1174; x_wconf 66' lang='grc' dir='ltr'><strong><em>ε</em></strong></span> 
     </span>
    </p>
   </div>
   <div class='ocr_carea' id='block_1_3' title="bbox 760 1223 2930 1451">
    <p class='ocr_par' dir='ltr' id='par_1_3' title="bbox 760 1223 2930 1451">
     <span class='ocr_line' id='line_1_8' title="bbox 1072 1223 2418 1313; baseline -0.001 -18"><span class='ocrx_word' id='word_1_46' title='bbox 1072 1230 1265 1313; x_wconf 82' lang='grc'><strong>1341,</strong></span> <span class='ocrx_word' id='word_1_47' title='bbox 1316 1232 1422 1297; x_wconf 82' lang='grc'><strong>16.</strong></span> <span class='ocrx_word' id='word_1_48' title='bbox 1470 1223 1930 1296; x_wconf 77' lang='lat' dir='ltr'><strong>Decembris.</strong></span> <span class='ocrx_word' id='word_1_49' title='bbox 1994 1224 2418 1312; x_wconf 83' lang='lat' dir='ltr'><strong>(Viennae.)</strong></span> 
     </span>
     <span class='ocr_line' id='line_1_9' title="bbox 760 1360 2930 1451; baseline -0.002 -21"><span class='ocrx_word' id='word_1_50' title='bbox 760 1363 1009 1451; x_wconf 59' lang='lat' dir='ltr'><strong>(onyae</strong></span> <span class='ocrx_word' id='word_1_51' title='bbox 1074 1366 1211 1435; x_wconf 80' lang='lat' dir='ltr'><strong>Vn.</strong></span> <span class='ocrx_word' id='word_1_52' title='bbox 1266 1368 1387 1431; x_wconf 86' lang='lat'><strong>371</strong></span> <span class='ocrx_word' id='word_1_53' title='bbox 1454 1366 1517 1431; x_wconf 55' lang='grc' dir='ltr'><em>ὦ</em></span> <span class='ocrx_word' id='word_1_54' title='bbox 1574 1367 1717 1432; x_wconf 86' lang='lat'><strong><em>372.</em></strong></span> <span class='ocrx_word' id='word_1_55' title='bbox 1775 1404 1861 1415; x_wconf 89' lang='lat'><em>-</em></span> <span class='ocrx_word' id='word_1_56' title='bbox 1903 1364 2120 1429; x_wconf 63' lang='lat' dir='ltr'><strong><em>Emzer</em></strong></span> <span class='ocrx_word' id='word_1_57' title='bbox 2179 1364 2292 1429; x_wconf 78' lang='grc' dir='ltr'><strong>ιν.</strong></span> <span class='ocrx_word' id='word_1_58' title='bbox 2355 1365 2528 1428; x_wconf 82' lang='lat'><em>1048</em></span> <span class='ocrx_word' id='word_1_59' title='bbox 2586 1362 2650 1427; x_wconf 67' lang='lat'><strong>‹12-</strong></span> <span class='ocrx_word' id='word_1_60' title='bbox 2713 1360 2930 1445; x_wconf 82' lang='lat'><strong><em>1049.)</em></strong></span> 
     </span>
    </p>
   </div>
   <div class='ocr_carea' id='block_1_4' title="bbox 1552 380 1944 441">
    <p class='ocr_par' dir='ltr' id='par_1_4' title="bbox 1552 380 1944 441">
     <span class='ocr_line' id='line_1_10' title="bbox 1552 380 1944 441; baseline 0 0"><span class='ocrx_word' id='word_1_61' title='bbox 1552 380 1944 441; x_wconf 78' lang='lat'>——216—</span> 
     </span>
    </p>
   </div>
   <div class='ocr_carea' id='block_1_5' title="bbox 754 1607 2606 1802">
    <p class='ocr_par' dir='ltr' id='par_1_5' title="bbox 754 1607 2606 1802">
     <span class='ocr_line' id='line_1_11' title="bbox 754 1607 2606 1683; baseline -0.001 -5"><span class='ocrx_word' id='word_1_62' title='bbox 754 1614 904 1681; x_wconf 85' lang='grc'><strong>206.</strong></span> <span class='ocrx_word' id='word_1_63' title='bbox 954 1610 1380 1682; x_wconf 79' lang='lat' dir='ltr'><strong>Infeudatio</strong></span> <span class='ocrx_word' id='word_1_64' title='bbox 1428 1611 1860 1683; x_wconf 78' lang='lat' dir='ltr'><strong>medietatis</strong></span> <span class='ocrx_word' id='word_1_65' title='bbox 1907 1610 2146 1680; x_wconf 78' lang='lat' dir='ltr'><strong>castri</strong></span> <span class='ocrx_word' id='word_1_66' title='bbox 2193 1607 2606 1679; x_wconf 81' lang='lat' dir='ltr'><strong>Baldenek.</strong></span> 
     </span>
     <span class='ocr_line' id='line_1_12' title="bbox 1641 1736 1836 1802; baseline -0.005 0"><span class='ocrx_word' id='word_1_67' title='bbox 1641 1736 1836 1802; x_wconf 78' lang='lat'><strong>1341.</strong></span> 
     </span>
    </p>
   </div>
   <div class='ocr_carea' id='block_1_6' title="bbox 544 1869 3188 2029">
    <p class='ocr_par' dir='ltr' id='par_1_6' title="bbox 544 1849 3188 2029">
     <span class='ocr_line' id='line_1_13' title="bbox 752 1869 3188 1943; baseline 0.001 -22"><span class='ocrx_word' id='word_1_68' title='bbox 752 1869 883 1923; x_wconf 82' lang='lat' dir='ltr'><strong>List</strong></span> <span class='ocrx_word' id='word_1_69' title='bbox 931 1870 1225 1926; x_wconf 77' lang='lat' dir='ltr'><strong>Krafftuov</strong></span> <span class='ocrx_word' id='word_1_70' title='bbox 1263 1888 1293 1925; x_wconf 87' lang='lat' dir='ltr'>z</span> <span class='ocrx_word' id='word_1_71' title='bbox 1332 1872 1655 1943; x_wconf 87' lang='lat' dir='ltr'><strong>Hohemloh‚</strong></span> <span class='ocrx_word' id='word_1_72' title='bbox 1709 1879 1773 1926; x_wconf 71' lang='lat' dir='ltr'><strong>ze</strong></span> <span class='ocrx_word' id='word_1_73' title='bbox 1823 1888 1898 1927; x_wconf 84' lang='lat' dir='ltr'><strong>na</strong></span> <span class='ocrx_word' id='word_1_74' title='bbox 1947 1870 2042 1939; x_wconf 79' lang='lat' dir='ltr'><strong>pfil</strong></span> <span class='ocrx_word' id='word_1_75' title='bbox 2098 1871 2274 1927; x_wconf 83' lang='lat' dir='ltr'><strong>hradu</strong></span> <span class='ocrx_word' id='word_1_76' title='bbox 2323 1870 2608 1925; x_wconf 82' lang='lat' dir='ltr'><strong>Baldenek</strong></span> <span class='ocrx_word' id='word_1_77' title='bbox 2661 1869 2731 1923; x_wconf 88' lang='lat' dir='ltr'><strong>od</strong></span> <span class='ocrx_word' id='word_1_78' title='bbox 2777 1869 2932 1923; x_wconf 68' lang='lat' dir='ltr'><strong>krale</strong></span> <span class='ocrx_word' id='word_1_79' title='bbox 3178 1873 3188 1930; x_wconf 82' lang='grc' dir='ltr'>ἰ</span> 
     </span>
     <span class='ocr_line' id='line_1_14' title="bbox 544 1957 1541 2029; baseline 0.004 -19"><span class='ocrx_word' id='word_1_80' title='bbox 544 1957 690 2011; x_wconf 76' lang='lat' dir='ltr'><strong>Jana</strong></span> <span class='ocrx_word' id='word_1_81' title='bbox 726 1957 849 2012; x_wconf 69' lang='lat' dir='ltr'><strong>leno</strong></span> <span class='ocrx_word' id='word_1_82' title='bbox 887 1957 1067 2027; x_wconf 73' lang='lat' dir='ltr'><strong>piijal.</strong></span> <span class='ocrx_word' id='word_1_83' title='bbox 1112 1960 1260 2013; x_wconf 77' lang='lat'>1341.</span> <span class='ocrx_word' id='word_1_84' title='bbox 1302 1960 1400 2028; x_wconf 83' lang='lat' dir='ltr'><strong>(A.</strong></span> <span class='ocrx_word' id='word_1_85' title='bbox 1439 1958 1541 2029; x_wconf 85' lang='lat' dir='ltr'><strong>K)</strong></span> 
     </span>
    </p>
   </div>
   <div class='ocr_carea' id='block_1_7' title="bbox 544 2142 2933 2377">
    <p class='ocr_par' dir='ltr' id='par_1_7' title="bbox 544 2142 2933 2377">
     <span class='ocr_line' id='line_1_15' title="bbox 750 2142 2933 2270; baseline -0.001 -17"><span class='ocrx_word' id='word_1_86' title='bbox 750 2186 901 2253; x_wconf 84' lang='lat'><strong>207.</strong></span> <span class='ocrx_word' id='word_1_87' title='bbox 966 2184 1385 2257; x_wconf 88' lang='lat' dir='ltr'><strong>Promissio</strong></span> <span class='ocrx_word' id='word_1_88' title='bbox 1431 2142 1535 2255; x_wconf 29' lang='lat' dir='ltr'><strong>de.</strong></span> <span class='ocrx_word' id='word_1_89' title='bbox 1568 2184 1788 2256; x_wconf 85' lang='lat' dir='ltr'><strong>villis</strong></span> <span class='ocrx_word' id='word_1_90' title='bbox 1852 2184 2082 2270; x_wconf 88' lang='lat' dir='ltr'><strong>Asch‚</strong></span> <span class='ocrx_word' id='word_1_91' title='bbox 2149 2184 2372 2256; x_wconf 87' lang='lat' dir='ltr'><strong>Selbe</strong></span> <span class='ocrx_word' id='word_1_92' title='bbox 2433 2186 2510 2254; x_wconf 90' lang='lat' dir='ltr'><strong>et</strong></span> <span class='ocrx_word' id='word_1_93' title='bbox 2569 2182 2933 2254; x_wconf 84' lang='lat' dir='ltr'><strong>Redwicz</strong></span> 
     </span>
     <span class='ocr_line' id='line_1_16' title="bbox 544 2287 2016 2377; baseline 0.001 -21"><span class='ocrx_word' id='word_1_94' title='bbox 544 2307 591 2357; x_wconf 86' lang='lat' dir='ltr'><strong>a</strong></span> <span class='ocrx_word' id='word_1_95' title='bbox 636 2287 953 2359; x_wconf 87' lang='lat' dir='ltr'><strong>civitate</strong></span> <span class='ocrx_word' id='word_1_96' title='bbox 998 2287 1327 2377; x_wconf 84' lang='lat' dir='ltr'><strong>Egrensi</strong></span> <span class='ocrx_word' id='word_1_97' title='bbox 1374 2309 1519 2360; x_wconf 88' lang='lat' dir='ltr'><strong>non</strong></span> <span class='ocrx_word' id='word_1_98' title='bbox 1566 2288 2016 2361; x_wconf 80' lang='lat' dir='ltr'><strong>alienandis.</strong></span> 
     </span>
    </p>
   </div>
   <div class='ocr_carea' id='block_1_8' title="bbox 1362 2410 2134 2500">
    <p class='ocr_par' dir='ltr' id='par_1_8' title="bbox 1362 2410 2134 2500">
     <span class='ocr_line' id='line_1_17' title="bbox 1362 2410 2134 2500; baseline -0.001 -20"><span class='ocrx_word' id='word_1_99' title='bbox 1362 2414 1555 2500; x_wconf 88' lang='grc'><strong>1342,</strong></span> <span class='ocrx_word' id='word_1_100' title='bbox 1602 2417 1711 2482; x_wconf 90' lang='grc'><strong>21.</strong></span> <span class='ocrx_word' id='word_1_101' title='bbox 1759 2411 1811 2482; x_wconf 89' lang='lat' dir='ltr'><strong>J</strong></span> <span class='ocrx_word' id='word_1_102' title='bbox 1813 2410 2134 2491; x_wconf 84' lang='lat' dir='ltr'><strong>anuarii.</strong></span> 
     </span>
    </p>
   </div>
   <div class='ocr_carea' id='block_1_9' title="bbox 542 2549 2936 2968">
    <p class='ocr_par' dir='ltr' id='par_1_9' title="bbox 542 2549 2936 2968">
     <span class='ocr_line' id='line_1_18' title="bbox 750 2549 2935 2620; baseline -0.002 -14"><span class='ocrx_word' id='word_1_103' title='bbox 750 2549 1037 2606; x_wconf 81' lang='lat' dir='ltr'><strong>Johanues</strong></span> <span class='ocrx_word' id='word_1_104' title='bbox 1099 2565 1197 2604; x_wconf 83' lang='lat' dir='ltr'><strong>rex</strong></span> <span class='ocrx_word' id='word_1_105' title='bbox 1252 2552 1321 2604; x_wconf 82' lang='lat' dir='ltr'><strong>ad</strong></span> <span class='ocrx_word' id='word_1_106' title='bbox 1380 2550 1597 2620; x_wconf 85' lang='lat' dir='ltr'><strong>civium,</strong></span> <span class='ocrx_word' id='word_1_107' title='bbox 1644 2553 1961 2620; x_wconf 80' lang='lat' dir='ltr'><strong>juratorum</strong></span> <span class='ocrx_word' id='word_1_108' title='bbox 2015 2558 2076 2606; x_wconf 84' lang='lat' dir='ltr'><strong>et</strong></span> <span class='ocrx_word' id='word_1_109' title='bbox 2124 2551 2302 2606; x_wconf 78' lang='lat' dir='ltr'><strong>totius</strong></span> <span class='ocrx_word' id='word_1_110' title='bbox 2358 2550 2613 2606; x_wconf 80' lang='lat' dir='ltr'><strong>civitatis</strong></span> <span class='ocrx_word' id='word_1_111' title='bbox 2661 2549 2935 2620; x_wconf 84' lang='lat' dir='ltr'><strong>Egrensis</strong></span> 
     </span>
     <span class='ocr_line' id='line_1_19' title="bbox 546 2636 2936 2707; baseline -0.001 -15"><span class='ocrx_word' id='word_1_112' title='bbox 546 2637 852 2707; x_wconf 81' lang='lat' dir='ltr'><strong>petitiones</strong></span> <span class='ocrx_word' id='word_1_113' title='bbox 904 2637 1187 2705; x_wconf 82' lang='lat' dir='ltr'><strong>promittit</strong></span> <span class='ocrx_word' id='word_1_114' title='bbox 1236 2639 1401 2704; x_wconf 81' lang='lat' dir='ltr'><strong>Asch,</strong></span> <span class='ocrx_word' id='word_1_115' title='bbox 1454 2638 1615 2693; x_wconf 85' lang='lat' dir='ltr'><strong>Selve</strong></span> <span class='ocrx_word' id='word_1_116' title='bbox 1655 2645 1714 2692; x_wconf 89' lang='lat' dir='ltr'><strong>et</strong></span> <span class='ocrx_word' id='word_1_117' title='bbox 1753 2637 2012 2692; x_wconf 80' lang='lat' dir='ltr'><strong>Redwicz</strong></span> <span class='ocrx_word' id='word_1_118' title='bbox 2052 2653 2176 2692; x_wconf 85' lang='lat' dir='ltr'><strong>eum</strong></span> <span class='ocrx_word' id='word_1_119' title='bbox 2211 2637 2452 2707; x_wconf 85' lang='lat' dir='ltr'><strong>singulis</strong></span> <span class='ocrx_word' id='word_1_120' title='bbox 2491 2653 2676 2693; x_wconf 88' lang='lat' dir='ltr'><strong>eorum</strong></span> <span class='ocrx_word' id='word_1_121' title='bbox 2714 2636 2936 2691; x_wconf 83' lang='lat' dir='ltr'><strong>utilita-</strong></span> 
     </span>
     <span class='ocr_line' id='line_1_20' title="bbox 542 2724 2934 2796; baseline -0.002 -15"><span class='ocrx_word' id='word_1_122' title='bbox 542 2726 709 2794; x_wconf 78' lang='lat' dir='ltr'><strong>tibus,</strong></span> <span class='ocrx_word' id='word_1_123' title='bbox 738 2725 959 2794; x_wconf 85' lang='lat' dir='ltr'><strong>juribus</strong></span> <span class='ocrx_word' id='word_1_124' title='bbox 997 2732 1057 2778; x_wconf 89' lang='lat' dir='ltr'><strong>et</strong></span> <span class='ocrx_word' id='word_1_125' title='bbox 1092 2725 1452 2791; x_wconf 84' lang='lat' dir='ltr'><strong>pertinentiis</strong></span> <span class='ocrx_word' id='word_1_126' title='bbox 1490 2725 1557 2779; x_wconf 82' lang='lat' dir='ltr'><strong>ab</strong></span> <span class='ocrx_word' id='word_1_127' title='bbox 1597 2726 1720 2793; x_wconf 75' lang='lat' dir='ltr'><strong>ipsa</strong></span> <span class='ocrx_word' id='word_1_128' title='bbox 1759 2725 1991 2780; x_wconf 80' lang='lat' dir='ltr'><strong>civitate</strong></span> <span class='ocrx_word' id='word_1_129' title='bbox 2047 2725 2282 2796; x_wconf 86' lang='lat' dir='ltr'><strong>Egrensi</strong></span> <span class='ocrx_word' id='word_1_130' title='bbox 2335 2731 2396 2780; x_wconf 88' lang='lat' dir='ltr'><strong>et</strong></span> <span class='ocrx_word' id='word_1_131' title='bbox 2423 2724 2636 2794; x_wconf 77' lang='lat' dir='ltr'><strong>Judicio</strong></span> <span class='ocrx_word' id='word_1_132' title='bbox 2685 2725 2934 2794; x_wconf 78' lang='lat' dir='ltr'><strong>eJusdem</strong></span> 
     </span>
     <span class='ocr_line' id='line_1_21' title="bbox 548 2812 2935 2882; baseline -0.002 -14"><span class='ocrx_word' id='word_1_133' title='bbox 548 2813 661 2868; x_wconf 89' lang='lat' dir='ltr'><strong>ullo</strong></span> <span class='ocrx_word' id='word_1_134' title='bbox 712 2828 952 2880; x_wconf 84' lang='lat' dir='ltr'><strong>unquam</strong></span> <span class='ocrx_word' id='word_1_135' title='bbox 1004 2821 1255 2880; x_wconf 87' lang='lat' dir='ltr'><strong>tempore</strong></span> <span class='ocrx_word' id='word_1_136' title='bbox 1304 2827 1407 2868; x_wconf 89' lang='lat' dir='ltr'><strong>nec</strong></span> <span class='ocrx_word' id='word_1_137' title='bbox 1444 2813 1689 2868; x_wconf 81' lang='lat' dir='ltr'><strong>alienare</strong></span> <span class='ocrx_word' id='word_1_138' title='bbox 1737 2828 1838 2867; x_wconf 87' lang='lat' dir='ltr'><strong>nec</strong></span> <span class='ocrx_word' id='word_1_139' title='bbox 1893 2827 2195 2882; x_wconf 82' lang='lat' dir='ltr'><strong>segregare</strong></span> <span class='ocrx_word' id='word_1_140' title='bbox 2246 2828 2351 2866; x_wconf 87' lang='lat' dir='ltr'><strong>nec</strong></span> <span class='ocrx_word' id='word_1_141' title='bbox 2399 2812 2552 2866; x_wconf 86' lang='lat' dir='ltr'><strong>mitti</strong></span> <span class='ocrx_word' id='word_1_142' title='bbox 2601 2827 2702 2881; x_wconf 87' lang='lat' dir='ltr'><strong>per</strong></span> <span class='ocrx_word' id='word_1_143' title='bbox 2747 2825 2935 2879; x_wconf 84' lang='lat' dir='ltr'><strong>quem-</strong></span> 
     </span>
     <span class='ocr_line' id='line_1_22' title="bbox 542 2901 978 2968; baseline -0.005 -14"><span class='ocrx_word' id='word_1_144' title='bbox 542 2901 690 2968; x_wconf 79' lang='lat' dir='ltr'><strong>piam</strong></span> <span class='ocrx_word' id='word_1_145' title='bbox 726 2901 978 2956; x_wconf 77' lang='lat' dir='ltr'><strong>alienari.</strong></span> 
     </span>
    </p>
   </div>
   <div class='ocr_carea' id='block_1_10' title="bbox 746 2987 2080 3112">
    <p class='ocr_par' dir='ltr' id='par_1_10' title="bbox 746 2987 2080 3112">
     <span class='ocr_line' id='line_1_23' title="bbox 746 2987 2080 3112; baseline 0.004 -26"><span class='ocrx_word' id='word_1_146' title='bbox 746 3023 1060 3112; x_wconf 58' lang='lat' dir='ltr'><strong>(emmer</strong></span> <span class='ocrx_word' id='word_1_147' title='bbox 1102 3025 1259 3110; x_wconf 66' lang='lat'><strong><em>1209.</em></strong></span> <span class='ocrx_word' id='word_1_148' title='bbox 1308 3062 1391 3074; x_wconf 87' lang='lat'>-</span> <span class='ocrx_word' id='word_1_149' title='bbox 1438 3023 1658 3086; x_wconf 57' lang='lat' dir='ltr'><strong>lencm·</strong></span> <span class='ocrx_word' id='word_1_150' title='bbox 1702 2987 1820 3103; x_wconf 67' lang='grc' dir='ltr'><strong>Ν.</strong></span> <span class='ocrx_word' id='word_1_151' title='bbox 1861 3026 2080 3110; x_wconf 86' lang='lat'><strong><em>1067.)</em></strong></span> 
     </span>
    </p>
   </div>
   <div class='ocr_carea' id='block_1_11' title="bbox 535 3246 2931 3439">
    <p class='ocr_par' dir='ltr' id='par_1_11' title="bbox 535 3246 2931 3439">
     <span class='ocr_line' id='line_1_24' title="bbox 743 3246 2931 3336; baseline 0.001 -20"><span class='ocrx_word' id='word_1_152' title='bbox 743 3251 893 3317; x_wconf 88' lang='grc'><strong>208.</strong></span> <span class='ocrx_word' id='word_1_153' title='bbox 964 3246 1283 3316; x_wconf 79' lang='lat' dir='ltr'><strong>Carolus</strong></span> <span class='ocrx_word' id='word_1_154' title='bbox 1350 3247 1688 3318; x_wconf 87' lang='lat' dir='ltr'><strong>marchio</strong></span> <span class='ocrx_word' id='word_1_155' title='bbox 1757 3247 2058 3318; x_wconf 87' lang='lat' dir='ltr'><strong>civibus</strong></span> <span class='ocrx_word' id='word_1_156' title='bbox 2119 3246 2592 3335; x_wconf 80' lang='lat' dir='ltr'><strong>Egrensibus</strong></span> <span class='ocrx_word' id='word_1_157' title='bbox 2651 3248 2931 3336; x_wconf 81' lang='lat' dir='ltr'><strong>imper-</strong></span> 
     </span>
     <span class='ocr_line' id='line_1_25' title="bbox 535 3351 2931 3439; baseline 0 -18"><span class='ocrx_word' id='word_1_158' title='bbox 535 3352 731 3422; x_wconf 89' lang='lat' dir='ltr'><strong>titur</strong></span> <span class='ocrx_word' id='word_1_159' title='bbox 802 3351 1205 3421; x_wconf 81' lang='lat' dir='ltr'><strong>libertates</strong></span> <span class='ocrx_word' id='word_1_160' title='bbox 1275 3355 1355 3422; x_wconf 90' lang='lat' dir='ltr'><strong>et</strong></span> <span class='ocrx_word' id='word_1_161' title='bbox 1419 3351 1936 3423; x_wconf 87' lang='lat' dir='ltr'><strong>immunitates</strong></span> <span class='ocrx_word' id='word_1_162' title='bbox 2005 3352 2350 3424; x_wconf 87' lang='lat' dir='ltr'><strong>civitatis</strong></span> <span class='ocrx_word' id='word_1_163' title='bbox 2418 3351 2720 3424; x_wconf 90' lang='lat' dir='ltr'><strong>Brunae</strong></span> <span class='ocrx_word' id='word_1_164' title='bbox 2789 3374 2931 3439; x_wconf 86' lang='lat' dir='ltr'><strong>per</strong></span> 
     </span>
    </p>
   </div>
   <div class='ocr_carea' id='block_1_12' title="bbox 446 3455 1885 3528">
    <p class='ocr_par' dir='ltr' id='par_1_12' title="bbox 446 3455 1885 3528">
     <span class='ocr_line' id='line_1_26' title="bbox 446 3455 1885 3528; baseline -0.001 -3"><span class='ocrx_word' id='word_1_165' title='bbox 446 3455 459 3474; x_wconf 75' lang='lat'><strong>⁹</strong></span> <span class='ocrx_word' id='word_1_166' title='bbox 538 3460 779 3526; x_wconf 87' lang='lat' dir='ltr'><strong>totum</strong></span> <span class='ocrx_word' id='word_1_167' title='bbox 825 3455 1427 3527; x_wconf 80' lang='lat' dir='ltr'><strong>marchionatum</strong></span> <span class='ocrx_word' id='word_1_168' title='bbox 1475 3455 1885 3528; x_wconf 86' lang='lat' dir='ltr'><strong>Moraviae.</strong></span> 
     </span>
    </p>
   </div>
   <div class='ocr_carea' id='block_1_13' title="bbox 1337 3579 2122 3664">
    <p class='ocr_par' dir='ltr' id='par_1_13' title="bbox 1337 3579 2122 3664">
     <span class='ocr_line' id='line_1_27' title="bbox 1337 3579 2122 3664; baseline 0 -16"><span class='ocrx_word' id='word_1_169' title='bbox 1337 3581 1531 3664; x_wconf 88' lang='grc'><strong>1342,</strong></span> <span class='ocrx_word' id='word_1_170' title='bbox 1586 3582 1695 3649; x_wconf 89' lang='grc'><strong>28.</strong></span> <span class='ocrx_word' id='word_1_171' title='bbox 1744 3579 1794 3650; x_wconf 83' lang='lat' dir='ltr'>J</span> <span class='ocrx_word' id='word_1_172' title='bbox 1798 3579 2122 3649; x_wconf 85' lang='lat' dir='ltr'><strong>anuarii.</strong></span> 
     </span>
    </p>
   </div>
   <div class='ocr_carea' id='block_1_14' title="bbox 530 3718 2932 4438">
    <p class='ocr_par' dir='ltr' id='par_1_14' title="bbox 530 3718 2932 4438">
     <span class='ocr_line' id='line_1_28' title="bbox 746 3718 2932 3806; baseline 0 -20"><span class='ocrx_word' id='word_1_173' title='bbox 746 3718 1051 3801; x_wconf 80' lang='lat' dir='ltr'><strong>KaroluS,</strong></span> <span class='ocrx_word' id='word_1_174' title='bbox 1110 3722 1170 3784; x_wconf 89' lang='lat' dir='ltr'><strong>d.</strong></span> <span class='ocrx_word' id='word_1_175' title='bbox 1219 3721 1399 3802; x_wconf 83' lang='lat' dir='ltr'><strong>regis</strong></span> <span class='ocrx_word' id='word_1_176' title='bbox 1462 3721 1534 3784; x_wconf 91' lang='lat' dir='ltr'><strong>B.</strong></span> <span class='ocrx_word' id='word_1_177' title='bbox 1598 3720 2098 3806; x_wconf 80' lang='lat' dir='ltr'><strong>primogenitus,</strong></span> <span class='ocrx_word' id='word_1_178' title='bbox 2146 3721 2440 3787; x_wconf 87' lang='lat' dir='ltr'><strong>marchio</strong></span> <span class='ocrx_word' id='word_1_179' title='bbox 2498 3721 2582 3786; x_wconf 89' lang='lat' dir='ltr'><strong>M.</strong></span> <span class='ocrx_word' id='word_1_180' title='bbox 2639 3721 2932 3787; x_wconf 88' lang='lat' dir='ltr'><strong>Dilectis</strong></span> 
     </span>
     <span class='ocr_line' id='line_1_29' title="bbox 536 3823 2930 3908; baseline 0.001 -18"><span class='ocrx_word' id='word_1_181' title='bbox 536 3824 839 3890; x_wconf 82' lang='lat' dir='ltr'><strong>fidelibus</strong></span> <span class='ocrx_word' id='word_1_182' title='bbox 885 3823 1185 3905; x_wconf 85' lang='lat' dir='ltr'><strong>paternis</strong></span> <span class='ocrx_word' id='word_1_183' title='bbox 1233 3828 1302 3888; x_wconf 88' lang='lat' dir='ltr'><strong>et</strong></span> <span class='ocrx_word' id='word_1_184' title='bbox 1346 3824 1595 3890; x_wconf 79' lang='lat' dir='ltr'><strong>nostris</strong></span> <span class='ocrx_word' id='word_1_185' title='bbox 1630 3876 1642 3889; x_wconf 94' lang='lat'>.</span> <span class='ocrx_word' id='word_1_186' title='bbox 1678 3875 1736 3889; x_wconf 93' lang='lat'><strong>..</strong></span> <span class='ocrx_word' id='word_1_187' title='bbox 1783 3825 2103 3908; x_wconf 83' lang='lat' dir='ltr'><strong>magistro</strong></span> <span class='ocrx_word' id='word_1_188' title='bbox 2152 3825 2510 3908; x_wconf 88' lang='lat' dir='ltr'><strong>consulum,</strong></span> <span class='ocrx_word' id='word_1_189' title='bbox 2543 3826 2819 3894; x_wconf 84' lang='lat' dir='ltr'><strong>consilio</strong></span> <span class='ocrx_word' id='word_1_190' title='bbox 2852 3831 2930 3892; x_wconf 90' lang='lat' dir='ltr'><strong>et</strong></span> 
     </span>
     <span class='ocr_line' id='line_1_30' title="bbox 536 3927 2929 4014; baseline 0.003 -22"><span class='ocrx_word' id='word_1_191' title='bbox 536 3927 989 3994; x_wconf 83' lang='lat' dir='ltr'><strong>communitati</strong></span> <span class='ocrx_word' id='word_1_192' title='bbox 1036 3927 1279 3994; x_wconf 86' lang='lat' dir='ltr'><strong>civium</strong></span> <span class='ocrx_word' id='word_1_193' title='bbox 1324 3935 1396 3993; x_wconf 88' lang='lat' dir='ltr'><strong>et</strong></span> <span class='ocrx_word' id='word_1_194' title='bbox 1438 3928 1770 3996; x_wconf 89' lang='lat' dir='ltr'><strong>hominum</strong></span> <span class='ocrx_word' id='word_1_195' title='bbox 1815 3929 1884 3994; x_wconf 90' lang='lat' dir='ltr'><strong>in</strong></span> <span class='ocrx_word' id='word_1_196' title='bbox 1929 3929 2134 4014; x_wconf 85' lang='lat' dir='ltr'><strong>Egra,</strong></span> <span class='ocrx_word' id='word_1_197' title='bbox 2187 3930 2470 3997; x_wconf 84' lang='lat' dir='ltr'><strong>salutem</strong></span> <span class='ocrx_word' id='word_1_198' title='bbox 2525 3949 2670 3997; x_wconf 88' lang='lat' dir='ltr'><strong>cum</strong></span> <span class='ocrx_word' id='word_1_199' title='bbox 2714 3930 2929 4012; x_wconf 85' lang='lat' dir='ltr'><strong>pleni·</strong></span> 
     </span>
     <span class='ocr_line' id='line_1_31' title="bbox 535 4031 2927 4102; baseline 0.003 -7"><span class='ocrx_word' id='word_1_200' title='bbox 535 4031 765 4099; x_wconf 86' lang='lat' dir='ltr'><strong>tudine</strong></span> <span class='ocrx_word' id='word_1_201' title='bbox 812 4033 1018 4098; x_wconf 86' lang='lat' dir='ltr'><strong>omnis</strong></span> <span class='ocrx_word' id='word_1_202' title='bbox 1064 4032 1239 4098; x_wconf 90' lang='lat' dir='ltr'><strong>boni.</strong></span> <span class='ocrx_word' id='word_1_203' title='bbox 1287 4031 1501 4100; x_wconf 82' lang='lat' dir='ltr'><strong>Grata</strong></span> <span class='ocrx_word' id='word_1_204' title='bbox 1547 4032 1872 4099; x_wconf 86' lang='lat' dir='ltr'><strong>habentes</strong></span> <span class='ocrx_word' id='word_1_205' title='bbox 1936 4035 2005 4099; x_wconf 89' lang='lat' dir='ltr'><strong>in</strong></span> <span class='ocrx_word' id='word_1_206' title='bbox 2067 4035 2276 4101; x_wconf 89' lang='lat' dir='ltr'><strong>oculis</strong></span> <span class='ocrx_word' id='word_1_207' title='bbox 2337 4034 2584 4102; x_wconf 80' lang='lat' dir='ltr'><strong>nostris</strong></span> <span class='ocrx_word' id='word_1_208' title='bbox 2647 4041 2927 4102; x_wconf 85' lang='lat' dir='ltr'><strong>vestrae</strong></span> 
     </span>
     <span class='ocr_line' id='line_1_32' title="bbox 532 4135 2927 4221; baseline 0.002 -20"><span class='ocrx_word' id='word_1_209' title='bbox 532 4135 879 4201; x_wconf 83' lang='lat' dir='ltr'><strong>fidelitatis</strong></span> <span class='ocrx_word' id='word_1_210' title='bbox 928 4136 1262 4218; x_wconf 89' lang='lat' dir='ltr'><strong>obsequia,</strong></span> <span class='ocrx_word' id='word_1_211' title='bbox 1309 4137 1569 4202; x_wconf 86' lang='lat' dir='ltr'><strong>domino</strong></span> <span class='ocrx_word' id='word_1_212' title='bbox 1616 4135 1906 4218; x_wconf 83' lang='lat' dir='ltr'><strong>genitori</strong></span> <span class='ocrx_word' id='word_1_213' title='bbox 1952 4142 2180 4204; x_wconf 87' lang='lat' dir='ltr'><strong>nostro</strong></span> <span class='ocrx_word' id='word_1_214' title='bbox 2243 4142 2312 4204; x_wconf 90' lang='lat' dir='ltr'><strong>et</strong></span> <span class='ocrx_word' id='word_1_215' title='bbox 2373 4138 2560 4206; x_wconf 89' lang='lat' dir='ltr'><strong>nobis</strong></span> <span class='ocrx_word' id='word_1_216' title='bbox 2619 4157 2741 4221; x_wconf 86' lang='lat' dir='ltr'><strong>per</strong></span> <span class='ocrx_word' id='word_1_217' title='bbox 2799 4158 2927 4205; x_wconf 87' lang='lat' dir='ltr'><strong>vos</strong></span> 
     </span>
     <span class='ocr_line' id='line_1_33' title="bbox 531 4239 2924 4324; baseline 0.002 -19"><span class='ocrx_word' id='word_1_218' title='bbox 531 4239 838 4306; x_wconf 83' lang='lat' dir='ltr'><strong>exhibita</strong></span> <span class='ocrx_word' id='word_1_219' title='bbox 874 4239 1335 4321; x_wconf 85' lang='lat' dir='ltr'><strong>multipliciter</strong></span> <span class='ocrx_word' id='word_1_220' title='bbox 1379 4245 1450 4307; x_wconf 85' lang='lat' dir='ltr'><strong>et</strong></span> <span class='ocrx_word' id='word_1_221' title='bbox 1496 4241 1814 4324; x_wconf 85' lang='lat' dir='ltr'><strong>impensa,</strong></span> <span class='ocrx_word' id='word_1_222' title='bbox 1860 4247 2342 4323; x_wconf 85' lang='lat' dir='ltr'><strong>sperantesque</strong></span> <span class='ocrx_word' id='word_1_223' title='bbox 2389 4259 2470 4308; x_wconf 85' lang='lat' dir='ltr'><strong>ea</strong></span> <span class='ocrx_word' id='word_1_224' title='bbox 2513 4243 2702 4309; x_wconf 88' lang='lat' dir='ltr'><strong>nobis</strong></span> <span class='ocrx_word' id='word_1_225' title='bbox 2735 4243 2924 4310; x_wconf 83' lang='lat' dir='ltr'><strong>exhi-</strong></span> 
     </span>
     <span class='ocr_line' id='line_1_34' title="bbox 530 4343 2924 4438; baseline 0.002 -26"><span class='ocrx_word' id='word_1_226' title='bbox 530 4343 675 4414; x_wconf 84' lang='lat' dir='ltr'><strong>beri</strong></span> <span class='ocrx_word' id='word_1_227' title='bbox 722 4343 1115 4436; x_wconf 83' lang='lat' dir='ltr'><strong>propensius</strong></span> <span class='ocrx_word' id='word_1_228' title='bbox 1162 4345 1232 4412; x_wconf 87' lang='lat' dir='ltr'><strong>in</strong></span> <span class='ocrx_word' id='word_1_229' title='bbox 1278 4344 1586 4433; x_wconf 85' lang='lat' dir='ltr'><strong>futurum,</strong></span> <span class='ocrx_word' id='word_1_230' title='bbox 1630 4344 1823 4418; x_wconf 83' lang='lat' dir='ltr'><strong>vobis</strong></span> <span class='ocrx_word' id='word_1_231' title='bbox 1871 4351 1942 4416; x_wconf 84' lang='lat' dir='ltr'><strong>et</strong></span> <span class='ocrx_word' id='word_1_232' title='bbox 1985 4347 2234 4413; x_wconf 87' lang='lat' dir='ltr'><strong>vestris</strong></span> <span class='ocrx_word' id='word_1_233' title='bbox 2281 4345 2572 4438; x_wconf 81' lang='lat' dir='ltr'><strong>posteris</strong></span> <span class='ocrx_word' id='word_1_234' title='bbox 2631 4367 2710 4414; x_wconf 82' lang='lat' dir='ltr'><strong>ae</strong></span> <span class='ocrx_word' id='word_1_235' title='bbox 2772 4367 2924 4419; x_wconf 86' lang='lat' dir='ltr'><strong>suc-</strong></span> 
     </span>
    </p>
   </div>
   <div class='ocr_carea' id='block_1_15' title="bbox 3200 4247 3205 4882">
    <p class='ocr_par' dir='ltr' id='par_1_15' title="bbox 3200 4247 3205 4882">
     <span class='ocr_line' id='line_1_35' title="bbox 3200 4247 3205 4882; baseline 0 0"><span class='ocrx_word' id='word_1_236' title='bbox 3200 4247 3205 4882; x_wconf 95' lang='lat' dir='ltr'><strong> </strong></span> 
     </span>
    </p>
   </div>
  </div>
 </body>
</html>
