3288 4973
1382 284 1695 350 -265—

1382 497 1440 555 it
1486 497 1555 557 et
1602 511 1750 559 esse
1783 493 2015 559 dicunt
2046 494 2224 561 inter
2254 495 2692 563 excellentem

1382 654 1383 665 ,
1432 599 1488 661 d.
1536 597 1851 663 Karolum
1901 599 1977 663 D.
2028 620 2122 682 gr.
2169 619 2394 683 regem
2455 601 2689 667 Roma-

1425 701 1837 767 carissimum
1869 702 2163 772 fratrem.
2196 707 2278 771 ab
2311 723 2442 770 una
2474 712 2689 786 parte,

1382 825 1474 872 ios
1507 813 1803 886 nepoteS,
1838 808 1921 872 ab
1955 808 2199 874 altera:
2248 807 2689 889 promittimus

1382 912 1407 974 i
1443 928 1561 976 nos
1596 912 2047 977 custodiemus
2081 931 2196 993 pro
2230 917 2459 978 nostro
2492 930 2688 994 posse

1382 1034 1464 1078 un
1512 1014 1676 1080 dicti
1741 1016 1955 1081 nostri
2015 1014 2264 1081 fratris.
2331 1016 2422 1081 Et
2464 1016 2523 1081 si
2569 1035 2689 1081 nos

1382 1139 1405 1181 ,ι
1454 1119 1704 1184 vellent
1745 1139 2032 1203 gravare
2064 1119 2132 1185 in
2167 1139 2452 1202 persona
2484 1120 2589 1186 vel
2624 1121 2690 1187 in

1382 1242 1441 1286 is
1475 1229 1545 1288 et
1576 1224 2008 1305 impediemus
2043 1230 2184 1290 toto
2217 1231 2445 1290 nostro
2480 1243 2691 1305 posse.

1384 1345 1499 1392 nos
1550 1327 1828 1394 fecimus
1875 1329 2159 1412 sigillari
2189 1330 2311 1395 has
2343 1329 2575 1396 literas
2610 1330 2691 1393 de

1382 1589 1530 1653 ariis
1578 1607 1781 1669 prope
1838 1589 2222 1655 Lomberies
2283 1589 2388 1654 die
2453 1592 2693 1669 quarta

1395 1850 1536 1916 139.
1580 1888 1667 1896 —
1716 1847 1935 1934 Chytil
1986 1849 2120 1917 VII.
2173 1850 2345 1937 717.)

1382 2091 1489 2161 oli
1557 2090 2020 2162 marchionis
2089 2091 2181 2162 de
2237 2091 2547 2179 juribus
2617 2096 2694 2164 et

1382 2196 1704 2266 [oraviae
1750 2195 2320 2267 conservandis.

1424 2355 1485 2405 s.
1534 2335 1585 2405 l.
1634 2339 1712 2405 et
1755 2335 1826 2406 d.

1382 2503 1443 2561 te
1512 2496 1866 2561 clementia
1913 2547 1926 2560 .
1973 2547 1986 2560 .
2035 2546 2047 2560 .
2122 2497 2454 2563 universis
2503 2497 2694 2580 regui

1396 2600 1608 2666 nostri
1677 2599 2040 2682 Moraviae‚
2110 2600 2347 2680 quibus
2418 2620 2694 2667 noscere

1395 2711 1464 2771 et
1510 2703 1767 2785 gratiae
1814 2705 2309 2771 incrementum.

1386 2811 1451 2875 ia
1526 2809 1920 2876 diadematis
1999 2810 2224 2875 divina
2300 2810 2694 2891 disponente

1382 2938 1388 2975 ι
1443 2913 1858 2980 ferventibus
1920 2914 2096 2980 votis
2151 2914 2574 2998 intendimuS,
2618 2923 2695 2980 ut

1382 3023 1643 3083 nostrae
1708 3018 1951 3084 dicioni
2020 3019 2341 3102 subjectis
2408 3019 2689 3084 libertas

1382 3121 1658 3188 iericula
1703 3128 1774 3188 et
1833 3142 1875 3186 a
1921 3123 2353 3203 malignorum
2401 3123 2690 3203 protecti

1382 3227 1646 3292 edendo
1697 3227 2174 3305 conquiescant
2205 3233 2276 3292 et
2307 3227 2376 3292 in
2407 3226 2693 3308 pulchri-

1386 3331 1509 3397 ulis
1554 3332 1838 3397 fiduciae
1872 3336 1940 3396 et
1971 3331 2432 3412 temporalium
2464 3330 2690 3410 requie

1382 3455 1507 3502 unc
1568 3437 1903 3502 salubrius
1964 3436 2108 3501 fieri
2169 3440 2240 3500 et
2301 3434 2696 3501 commodius

1411 3560 1598 3607 suum
1660 3541 1996 3607 tribuatur
2056 3538 2328 3606 cuilibet
2387 3544 2457 3604 et
2519 3538 2698 3606 ultra

1428 3768 1654 3816 omnes
1717 3748 1906 3831 regni
1966 3747 2182 3814 nostri
2250 3745 2562 3813 Boemiae
2626 3753 2696 3813 et

1382 3854 1842 3921 eclesiasticos
1875 3865 1944 3920 et
1974 3853 2374 3939 saeculares
2402 3853 2702 3933 baroneS,

1382 3979 1535 4025 =rsos
1584 3964 1856 4026 nostrae
1903 3957 2146 4025 dicioni
2201 3958 2536 4042 subjectos
2597 3956 2704 4037 pio
2793 4040 2801 4043 -

1382 4083 1415 4127 r
1446 4064 1928 4145 amplectentes
1954 4062 2090 4129 eisd
2103 4081 2203 4127 em
2228 4061 2532 4129 duximus
2561 4080 2703 4142 pro-

1382 4186 1408 4231 ι
1455 4173 1523 4233 et
1576 4168 2113 4249 consuetudineS,
2160 4184 2331 4247 quae
2366 4170 2435 4231 et
2468 4184 2633 4245 quas
2666 4183 2705 4229 a

1411 4274 1847 4341 dinoscuntur
1877 4270 2522 4356 praedecessoribus
2550 4275 2695 4335 rata
