3288 4973
386 50 451 81 ⁸2

1327 345 1675 407 ...95-

498 553 582 622 In
628 553 893 622 nomine
939 551 1204 623 Domini
1249 571 1460 621 amen.

503 658 838 726 Noverint
882 659 1182 730 universi
1226 663 1364 726 tam
1410 664 1802 743 praesentes
1851 679 2046 743 quam
2078 660 2349 746 posteri,
2379 660 2687 730 notitiam

317 763 754 846 praesentium
817 769 940 831 aut
1002 764 1257 848 copiam
1319 765 1632 849 habituri,
1683 765 1857 846 quod
1926 765 2079 846 quia
2146 784 2267 833 nos
2335 766 2687 850 HenricuS,

318 867 384 935 D.
421 889 520 953 gr.
570 870 708 934 dux
755 866 1016 936 Sleziae
1078 875 1150 937 et
1209 869 1577 954 Glogoviae
1635 888 1717 936 ac
1776 869 2077 936 dominus
2122 869 2547 955 SaganensiS,
2603 875 2685 939 ob

317 971 614 1056 specialis
689 973 932 1040 amoris
1013 973 1341 1059 affectum,
1431 992 1622 1056 quem
1700 993 1863 1059 erga
1938 974 2273 1058 magnifici
2346 975 2687 1059 principis,

317 1077 540 1145 domini
601 1078 650 1142 J
653 1079 934 1145 ohannis
980 1079 1054 1145 B.
1103 1085 1174 1146 et
1219 1079 1292 1146 P.
1337 1080 1516 1163 regis
1563 1097 1642 1146 ac
1688 1081 1765 1147 L.
1830 1079 2108 1164 comitiS,
2167 1081 2411 1147 domini
2472 1080 2685 1147 nostri

317 1180 676 1248 charissimi
756 1183 1047 1266 gerimus
1128 1183 1608 1267 celsitudinem,
1692 1184 1922 1251 habito
1990 1183 2181 1252 nobis
2251 1203 2395 1252 cum
2456 1183 2688 1252 amicis

319 1303 558 1367 quoque
607 1305 690 1353 ac
734 1287 1040 1355 fidelibus
1085 1289 1334 1355 nostris
1379 1287 1656 1355 consilio
1712 1287 2019 1373 diligenti
2064 1307 2145 1356 ac
2206 1288 2687 1358 deliberatione

324 1395 596 1474 matura,
641 1392 1118 1459 accedentibus
1165 1393 1368 1460 etiam
1411 1391 1644 1460 favore
1692 1397 1762 1460 et
1806 1411 2129 1460 consensu
2178 1395 2533 1460 eorundem
2580 1413 2688 1462 ex-

320 1493 556 1576 pressis
635 1498 720 1561 ad
788 1497 1185 1582 subscripta,
1253 1500 1494 1564 bonum
1561 1497 1630 1563 in
1694 1499 1819 1566 hoc
1866 1504 2163 1566 nostrum
2208 1497 2686 1583 principaliter,

319 1605 792 1682 consequenter
857 1606 1080 1670 autem
1146 1603 1455 1686 fidelium,
1514 1607 1864 1685 terrarum,
1924 1603 2295 1687 civitatum,
2354 1602 2688 1670 hominum

321 1709 378 1770 et
437 1708 760 1772 bonorum
827 1708 1112 1774 omnium
1186 1711 1562 1774 nostrorum
1637 1707 2207 1791 infrascriptorum
2284 1709 2687 1776 commodum

319 1811 686 1892 statumque
716 1812 990 1878 inantea
1020 1811 1367 1896 pacificum
1399 1815 1910 1896 perpendentes
1948 1812 2257 1898 princeps
2289 1816 2361 1880 et
2391 1813 2687 1881 vasallus

321 1931 482 1998 suus,
529 1914 866 1999 heredum,
912 1935 1367 1984 successorum
1412 1935 1696 2001 suorum,
1742 1917 2053 1985 Boemiae
2101 1936 2333 2001 regum
2362 1936 2443 1984 ac
2474 1916 2685 2000 ipsius

321 2018 494 2102 regni
539 2019 871 2106 Boemiae,
917 2021 986 2088 in
1030 2027 1422 2105 perpetuum
1483 2022 1628 2089 fieri
1678 2029 1746 2089 et
1790 2023 1931 2090 fore
1980 2022 2410 2105 decrevimuS,
2474 2021 2689 2088 omnia

320 2125 381 2186 et
434 2123 700 2208 singula
768 2126 942 2193 bona
1005 2132 1238 2194 nostra
1304 2131 1426 2194 sub
1490 2128 1741 2194 eisdem
1801 2126 2228 2193 libertatibus
2274 2144 2353 2192 ac
2412 2125 2691 2211 iuribuS,

319 2226 542 2306 quibus
589 2247 630 2294 a
676 2233 1304 2311 praedecessoribus
1340 2232 1589 2300 nostris
1621 2235 1707 2299 ad
1739 2251 1859 2299 nos
1890 2231 2277 2314 pervenisse
2308 2234 2691 2314 noscuntur,

321 2347 662 2414 omnesque
727 2339 950 2401 terras
1018 2341 1304 2421 nostras,
1371 2355 1536 2417 quas
1584 2339 1669 2402 ad
1719 2353 2036 2419 praesens
2103 2335 2515 2416 possidemus
2578 2337 2689 2403 vel

323 2438 788 2515 possidebimus
834 2461 1220 2525 quocunque
1268 2443 1462 2512 titulo
1507 2442 1573 2509 in
1614 2441 1857 2526 futui-0,
1912 2446 2049 2508 tam
2082 2431 2257 2508 citra
2288 2459 2480 2520 quam
2514 2438 2693 2507 ultra

323 2539 592 2629 fluvium,
618 2546 731 2627 qui
757 2546 976 2615 Odera
1001 2548 1434 2633 dicitur,cun1
1466 2547 1857 2615 civitatibus
1882 2566 1962 2611 ac
1987 2544 2227 2611 castris
2262 2546 2359 2611 eis
2383 2544 2690 2611 adiacen-

324 2646 486 2715 tibus
509 2668 590 2715 ac
608 2650 778 2735 aliis,
797 2652 1062 2737 Sagano
1083 2652 1418 2737 videlicet,
1438 2651 1642 2719 Vrein
1652 2656 1810 2735 stat,
1829 2651 2151 2734 Sprotaw,
2173 2649 2692 2736 Grunemberch,

325 2750 630 2837 Krozzen,
655 2754 1074 2841 Nuenburch,
1101 2756 1606 2835 Wartenberch,
1641 2756 1945 2838 Malnitz,
1974 2754 2172 2837 Pusa,
2204 2754 2689 2839 Pobersberch,

326 2854 674 2943 czulchow,
741 2860 1086 2947 Swibosin‚
1149 2863 1462 2943 Lubnaw,
1524 2860 1830 2943 Butnicz,
1890 2858 2309 2941 BentschicZ,
2370 2858 2691 2942 Kopaniz,

327 2958 868 3049 Brandatendorf,
935 2966 1178 3051 Netka,
1245 2966 1655 3049 Babinmost,
1722 2964 2074 3044 Premund,
2142 2962 2463 3047 Prsibow,
2532 2963 2691 3029 Tre-

327 3064 584 3134 bechow
627 3088 774 3135 curn
821 3071 1066 3137 ceteris
1097 3070 1448 3137 fortaliciis
1485 3075 1554 3135 et
1584 3066 2061 3138 municionibus
2095 3066 2341 3133 nostris
2376 3067 2694 3152 omnibus,

325 3173 674 3260 appendiis,
729 3174 1034 3241 dominiis
1081 3180 1205 3241 etc.
1253 3180 1498 3257 nosti-0,
1561 3174 1876 3239 heredum
1938 3176 2010 3236 et
2061 3190 2517 3239 successorum
2579 3190 2691 3237 no-

325 3278 614 3363 strorum,
634 3278 895 3347 Sleziae
915 3285 986 3346 et
1005 3278 1370 3363 Glogoviae
1397 3282 1634 3345 ducum
1659 3296 1739 3343 ac
1765 3278 2169 3344 dominorum
2193 3275 2691 3360 Saganensium,

327 3382 571 3449 nomine
627 3384 696 3451 in
749 3383 932 3468 regis
978 3384 1184 3470 ipsius
1238 3385 1540 3451 manibus
1583 3386 1824 3466 sponte
1872 3385 1942 3448 et
1987 3381 2198 3448 libere
2242 3380 2691 3465 resignantes,

327 3487 403 3552 ab
449 3506 526 3553 eo
567 3488 634 3554 in
675 3488 945 3557 feudum
991 3489 1360 3573 recepimus
1409 3491 1818 3571 perpetuum,
1872 3485 2185 3565 factoque
2230 3484 2361 3552 sibi
2405 3502 2527 3566 per
2572 3504 2693 3553 nos

327 3588 655 3661 fidelitatis
686 3593 956 3661 debitae
984 3594 1304 3679 homagio,
1335 3592 1665 3676 praestito
1699 3589 2030 3673 corporali
2062 3588 2485 3655 nihilominus
2518 3587 2691 3655 iura-

329 3701 557 3781 mento,
616 3698 744 3787 ipsi
809 3699 972 3784 regi,
1042 3700 1398 3767 heredibus
1465 3702 1536 3764 et
1595 3694 2093 3763 successoribus
2139 3693 2277 3761 suis
2327 3692 2692 3775 praedictis

329 3804 627 3882 tanquam
672 3804 855 3874 veris
886 3802 1166 3871 dominis
1197 3802 1447 3869 nostris
1480 3800 1670 3868 velut
1698 3800 2008 3883 princeps
2042 3801 2114 3865 et
2144 3796 2437 3863 vasallus
2472 3816 2694 3863 eorum

331 3906 632 3990 regnique
661 3910 975 3977 Boemiae
995 3907 1322 3975 antedicti
1343 3924 1584 3989 parere
1605 3905 1919 3983 deinceps
1938 3902 2357 3984 promisimus
2385 3908 2454 3967 et
2478 3901 2694 3968 inten-

333 4010 484 4079 dere
541 4010 604 4078 in
648 4016 914 4080 eosdem
971 4017 1043 4079 et
1101 4015 1336 4081 contra
1397 4009 1758 4091 quemlibet
1815 4006 2181 4090 principem
2242 4013 2313 4071 et
2372 4004 2695 4072 hominem

331 4112 504 4193 ipsos
550 4134 659 4197 pro
704 4117 963 4184 viribus
994 4115 1284 4183 fideliter
1313 4115 1667 4193 adiuvare3
1698 4114 2049 4177 reservata
2080 4112 2271 4177 nobis
2302 4109 2701 4177 aedificandi

335 4233 406 4282 ac
461 4220 882 4289 restaurandi
941 4220 1340 4303 munitiones
1400 4237 1610 4285 novas
1672 4217 1741 4283 in
1801 4215 2002 4283 terris
2066 4214 2315 4281 nostris
2377 4218 2446 4281 et
2506 4216 2697 4282 bonis

338 4322 702 4404 praemissis
747 4330 816 4393 et
864 4323 1254 4393 destruendi
1300 4327 1590 4406 vetereS,
1635 4322 2009 4401 ubicunque
2056 4325 2125 4386 et
2172 4322 2697 4400 quandocunque
