3288 4973
2568 6 3220 206 -..ὟἻὛ

1532 392 1920 454 -184.-.

534 598 955 681 pertinentiis
1031 598 1189 681 suis,
1268 617 1387 678 per
1454 616 1573 661 nos
1649 596 1757 663 vel
1827 596 2128 673 heredeS,
2209 594 2576 659 coheredes
2642 596 2712 657 et
2777 610 2916 655 suc-

530 722 831 770 cessores
881 708 1165 784 nostros,
1213 707 1330 770 aut
1376 702 1542 767 alios
1590 718 2034 783 quoscunque,
2079 698 2260 764 nullo
2307 715 2593 777 unquam
2627 702 2918 777 tempore

528 808 867 891 impedire,
912 809 1269 874 molestare
1340 807 1447 874 vel
1495 806 1836 888 impetere,
1881 824 2004 871 nec
2053 808 2256 869 duces
2290 820 2370 868 ac
2407 804 2691 868 ducatus
2742 800 2914 882 ipsos

534 919 604 980 et
650 913 941 995 ipsorum
988 913 1437 996 pertinentias
1502 912 1696 977 nobis
1741 918 1856 977 aut
1905 909 2262 977 heredibus
2311 906 2559 973 nostris
2613 905 2918 971 vendica-

530 1019 744 1085 bimus
794 1025 913 1083 aut
958 1018 1160 1084 etiam
1205 1036 1638 1097 assumemus,
1682 1017 1751 1081 in
1800 1017 2110 1097 ipsorum·
2141 1016 2336 1097 regiS,
2385 1010 2782 1078 marchionis
2815 1010 2918 1075 vel
2945 1095 2959 1105 ·

534 1125 847 1189 heredum
896 1140 1119 1189 eorum
1168 1120 1646 1205 praejudicium
1693 1122 1801 1187 vel
1850 1138 2224 1203 gravamen,
2287 1119 2444 1198 quin
2509 1118 2638 1181 imo
2701 1116 2916 1196 placet

526 1227 715 1293 nobis
760 1232 827 1292 et
875 1227 1122 1307 opt-ime
1168 1226 1467 1291 favemus
1516 1226 1611 1290 eis
1659 1226 1726 1290 in
1773 1226 2051 1307 eisdem3
2117 1222 2590 1291 renunciantes
2637 1220 2909 1300 insuper

534 1341 599 1396 et
648 1333 968 1397 cedentes
1036 1350 1153 1412 pro
1204 1331 1393 1397 nobis
1454 1338 1525 1395 et
1588 1332 1966 1408 heredibus,
2029 1330 2466 1396 coheredibus
2529 1332 2600 1391 et
2659 1343 2918 1391 succes-

534 1436 795 1503 soribus
841 1435 1113 1518 nostriS,
1170 1436 1345 1501 omni
1398 1434 1551 1518 juri,
1610 1436 1879 1517 actioni,
1939 1435 2337 1517 quaestioni,
2395 1428 2790 1515 proprietati
2853 1437 2922 1495 et-

420 1586 427 1595 -
534 1539 729 1617 titulo
778 1540 845 1605 iu
894 1546 1307 1622 perpetuum,
1355 1540 1411 1605 si
1458 1557 1627 1620 quae
1677 1540 1866 1606 nobis
1913 1546 2034 1605 aut
2079 1538 2440 1605 heredibus
2499 1537 2607 1603 vel
2663 1554 2921 1602 succes·

533 1644 790 1711 soribus
814 1644 1064 1709 nostris
1092 1646 1581 1725 competebant,
1614 1650 2074 1726 competerent
2099 1644 2204 1711 vel
2233 1648 2611 1724 competere
2651 1645 2922 1723 possent

537 1750 857 1831 quomodo
903 1747 1069 1813 libet
1119 1748 1183 1813 in
1230 1748 1542 1814 futurum.

740 1851 1224 1918 Promittentes
1290 1854 1494 1919 etiam
1548 1856 1671 1919 sub
1720 1855 1848 1919 fide
1911 1852 2224 1933 praestiti
2276 1850 2659 1936 juramenti,
2722 1848 2926 1915 tactis

534 1957 981 2023 sacrosanctis
1030 1958 1395 2040 evangeliis
1442 1964 1512 2023 et
1550 1957 1980 2031 nihilominus
2014 1954 2710 2023 excommunicationis
2743 1954 2923 2020 latae

538 2062 936 2145 sententiae,
968 2068 1203 2128 contra
1234 2062 1605 2146 hujusmodi
1630 2068 1930 2129 nostram
1957 2061 2534 2143 renuntiationem,
2557 2063 2924 2126 cessionem

536 2171 606 2233 et
630 2165 1129 2248 promissionem
1162 2166 1385 2246 aliqua
1418 2166 1700 2249 actione,
1732 2167 2171 2249 impetitione,
2206 2166 2654 2250 suggestione,
2687 2163 2931 2245 studi0‚

537 2268 819 2353 ingenie,
856 2271 1027 2353 jure,
1072 2271 1252 2336 facto
1286 2278 1489 2350 atque
1520 2274 1726 2339 verbo
1765 2290 2182 2351 nequaquam
2213 2271 2464 2353 venire,
2498 2289 2626 2335 non
2660 2271 2929 2335 obstan-

536 2378 714 2442 tibus
772 2376 1105 2455 aliquibus
1165 2376 1404 2457 pactis,
1466 2378 1908 2459 pactionibus,
1969 2377 2264 2458 statutiS,
2326 2373 2932 2455 reformationibus

534 2480 1083 2562 ordinationibus
1161 2482 1773 2565 consuetudinibus
1849 2480 2510 2564 praescriptionibus
2584 2477 2936 2545 conventi-

536 2587 789 2668 onibuS,
836 2586 1278 2668 munimentis
1325 2587 1779 2670 indulgentiis,
1827 2587 2196 2669 privilegiis
2244 2587 2353 2652 vel
2397 2585 2614 2651 literis
2661 2589 2930 2666 aposto-

532 2689 701 2771 licis,
746 2689 1219 2771 imperialibus
1266 2696 1383 2759 aut
1425 2692 1572 2758 aliis
1608 2691 2109 2772 quibuscunque
2144 2691 2498 2772 scripturis
2547 2691 2934 2771 impetratis

534 2795 643 2862 vel
688 2793 757 2860 in
803 2802 1144 2876 posterum
1192 2795 1649 2879 impetrandis,
1682 2815 1938 2863 necnon
1963 2797 2226 2880 juribus
2261 2796 2762 2876 quibuscunque
2795 2801 2934 2861 tam

528 2900 701 2982 juris
750 2897 1070 2979 canonici,
1118 2898 1333 2964 civilis
1394 2907 1511 2966 aut
1576 2901 1779 2966 etiam
1845 2901 2284 2983 municipalis
2349 2902 2470 2966 sub
2536 2917 2934 2980 quacunque

538 3005 747 3068 forma
794 3005 1147 3068 verborum
1196 3004 1303 3070 vel
1350 3005 1726 3086 prolatione
1774 3007 2116 3086 conceptis
2163 3007 2273 3072 vel
2301 3004 2370 3070 in
2404 3010 2746 3086 posterum
2775 3023 2934 3072 con-

536 3106 881 3188 cipiendiS,
940 3107 1203 3173 etiamsi
1268 3108 1437 3174 talia
1494 3109 1734 3194 forent,
1799 3109 2036 3189 quibus
2093 3112 2175 3174 de
2235 3111 2441 3176 verbo
2501 3109 2588 3174 ad
2649 3111 2934 3178 verbum

534 3210 893 3292 specialem
954 3217 1023 3276 et
1076 3231 1463 3293 expressam
1527 3220 1871 3296 oport-eret
1933 3215 2080 3280 fieri
2143 3215 2634 3295 quomodolibet
2691 3214 2932 3280 menti-

538 3334 759 3397 one1n3
821 3333 991 3394 quae
1041 3317 1257 3383 omnia
1310 3323 1380 3383 et
1426 3318 1688 3400 singula
1733 3325 1802 3385 et
1849 3319 2192 3399 quodlibet
2252 3320 2658 3401 singulorum
2717 3336 2936 3404 cassa,

535 3420 746 3502 irrita,
812 3437 1025 3486 vacua
1088 3427 1158 3486 et
1202 3420 1429 3488 inania
1476 3441 1625 3490 esse
1689 3429 1759 3489 et
1821 3423 2106 3504 intelligi
2171 3423 2487 3506 volumuS,
2554 3423 2938 3505 nulliusque

534 3523 676 3589 fore
720 3523 1060 3591 efficaciae
1108 3526 1373 3608 penitus
1416 3535 1531 3593 aut
1560 3528 1892 3610 momenti,
1923 3527 2088 3610 ipsis
2125 3527 2328 3593 etiam
2361 3547 2440 3593 ex
2475 3532 2662 3593 certa
2693 3534 2937 3594 nostra

538 3627 821 3694 scientia
870 3647 988 3709 per
1035 3631 1253 3696 omnia
1300 3633 1711 3718 derogamus

743 3732 825 3797 In
871 3752 1141 3813 quorum
1192 3737 1471 3803 omnium
1518 3737 1974 3804 testimonium
2023 3744 2225 3817 atque
2286 3738 2489 3803 robur
2535 3743 2940 3817 perpetuum

537 3841 934 3917 praesentes
998 3839 1201 3905 scribi
1264 3841 1537 3909 fecimus
1584 3848 1655 3910 et
1702 3849 2078 3910 nostrorum
2143 3841 2506 3923 sigillorum
2573 3841 2944 3909 munimine

540 3942 857 4008 roborari.

750 4047 1001 4114 Datum
1064 4051 1426 4117 Cracoviae
1488 4052 1554 4118 in
1604 4059 1850 4120 octava
1909 4050 2392 4136 purificationis
2442 4051 2504 4120 S.
2551 4049 2810 4118 Mariae
2863 4052 2944 4118 V.

542 4169 598 4214 a.
653 4150 728 4215 l).
778 4155 962 4218 1339.

748 4254 871 4340 (A.
938 4255 1033 4326 K.
1096 4295 1171 4306 ·-—
1243 4259 1437 4328 Arch.
1504 4259 1571 4332 S.
1651 4262 1854 4331 Wenc.
1929 4301 2014 4310 ·-—
2091 4261 2373 4326 Goldast
2443 4259 2622 4345 App.
2681 4262 2787 4326 29.
2853 4299 2943 4312 —-

540 4359 931 4448 (iv-itnhaqen
992 4363 1045 4430 Ι.
1100 4387 1176 4449 p.
1238 4367 1300 4434 4.
1347 4405 1433 4416 -
1477 4365 1696 4432 Emler
1741 4367 1854 4438 IV.
1901 4369 2074 4456 642.)
