3288 4973
1345 382 1738 442 -531—

41 476 46 781 ι
546 581 708 649 551.’
746 576 1519 668 Archiepiscoporum
1568 581 2078 670 Pragensium
2107 584 2188 655 in
2219 584 2522 672 legatos
2553 605 2726 673 apo·

339 680 660 754 stolicae
704 681 913 751 sedis
958 699 1097 767 per
1140 680 1479 755 diocesin
1526 683 2020 774 Pragensem‚
2067 687 2720 775 Ratisbonensem,

41 782 44 827 ⁸
342 785 979 874 Bambergensem
1024 788 1105 857 et
1146 785 1604 859 Misnensem
1649 794 2020 877 perpetua
2063 792 2466 878 promotio.

39 842 47 1357 μ
1230 944 1427 1028 1365,
1474 946 1583 1014 28.
1630 933 1834 1017 Maii.

548 1110 861 1178 Urbanus
888 1109 1259 1193 episcopus,
1292 1128 1531 1177 servus
1563 1130 1910 1179 servorum
1935 1113 2082 1181 Dei,
2113 1114 2506 1181 Venerabili
2531 1114 2726 1182 fratri

337 1215 587 1283 «Ioanni
632 1213 1135 1297 archiepiscopo
1179 1216 1529 1301 Pragensi,
1575 1218 1646 1284 in
1693 1216 2022 1302 Pragensi
2069 1216 2417 1299 provincia
2470 1237 2729 1285 necnon

334 1319 406 1389 in
436 1317 939 1401 Ratisbouensi,
976 1319 1456 1403 Bambergensi
1488 1327 1561 1387 et
1588 1321 1953 1389 Missuensi
1985 1321 2377 1388 civitatibus
2413 1328 2481 1389 et
2511 1325 2729 1389 dioce-

336 1424 523 1491 sibus
570 1425 981 1506 apostolicae
1026 1425 1207 1490 sedis
1252 1425 1491 1509 legato,
1559 1427 1846 1493 salutem
1907 1432 1978 1493 et
2033 1428 2468 1508 apostolicam
2527 1430 2729 1494 bene·

334 1529 711 1595 dictionem.

546 1632 655 1700 Ex
685 1632 911 1699 debito
946 1632 1305 1715 pastoralis
1328 1630 1527 1699 officii
1554 1633 1926 1719 cupientes,
1947 1637 2122 1715 quod
2155 1635 2404 1703 subditi
2435 1643 2510 1701 et
2538 1655 2726 1718 prae-

334 1737 565 1803 sertim
609 1738 677 1802 in
710 1742 957 1803 sortem
989 1734 1257 1801 Domini
1287 1737 1553 1803 evocati
1572 1736 1773 1819 ,iuxta
1797 1738 1970 1818 piam
2005 1737 2510 1820 dispositionem
2542 1740 2724 1822 regis

334 1839 595 1923 pacifici
640 1840 778 1907 sint
824 1841 1064 1923 pudici,
1113 1840 1373 1920 pacifici
1418 1844 1489 1905 et
1538 1842 1840 1923 modesti,
1885 1840 2001 1907 illa
2047 1842 2338 1909 libenter
2369 1843 2725 1911 statuimus

334 1953 405 2011 et
450 1944 887 2022 concedimus,
933 1961 1055 2025 per
1100 1961 1273 2023 quae
1320 1949 1627 2025 prompta
1673 1962 1940 2027 semper
1997 1948 2081 2011 ad
2137 1949 2544 2028 peccandum
2607 1948 2724 2015 hu-

329 2066 525 2115 mana
570 2046 907 2131 fragilitas
953 2053 1145 2113 tanto
1191 2046 1495 2114 strictius
1560 2049 1646 2113 ab
1693 2046 1948 2115 illicitis
2010 2048 2390 2117 refrenetur
2445 2060 2519 2117 et
2577 2070 2726 2118 cum

328 2151 720 2233 excesserit,
790 2150 1181 2234 diligentius
1258 2149 1656 2234 corrigatur,
1731 2157 1982 2232 quanto
2046 2153 2342 2235 pluribus
2405 2161 2474 2219 et
2533 2153 2724 2221 forti·
2835 2235 2838 2239 ¹

330 2257 555 2324 oribus
632 2256 838 2322 fuerit
912 2254 1381 2339 gubernaculis
1451 2260 1816 2321 coarctata.
1888 2257 2101 2337 quue
2167 2264 2328 2325 tunc
2401 2258 2720 2325 libentius

328 2360 554 2428 facere
578 2361 1009 2443 delectamur,
1032 2378 1177 2425 cum
1208 2361 1293 2425 ad
1326 2360 1449 2425 hoc
1482 2361 1956 2427 mundanorum
1989 2379 2214 2444 regum
2249 2368 2320 2427 et
2351 2363 2720 2445 principum

326 2472 489 2532 vota
534 2482 621 2532 ex
666 2464 929 2532 sincera
976 2463 1265 2530 caritate
1313 2468 1735 2550 concurrunt.

537 2569 770 2650 Nuper
794 2568 1119 2650 siquidem
1146 2568 1531 2634 carissimus
1557 2569 1624 2634 in
1651 2569 1916 2636 Christo
1942 2570 2116 2636 filius
2151 2577 2398 2654 noster,
2431 2571 2722 2640 Kal-olus

324 2673 511 2742 Rom.
560 2673 723 2754 Imp.
770 2691 823 2738 S.
868 2691 925 2737 a.
972 2689 1051 2737 ac
1098 2671 1171 2736 B.
1219 2689 1339 2736 rex
1392 2671 1696 2754 illustriS,
1759 2691 1979 2739 coram
2043 2673 2232 2740 nobis
2280 2679 2350 2740 et
2391 2677 2718 2744 iratribus

325 2776 579 2844 nostris
604 2775 933 2858 exposuit,
952 2777 1127 2855 quod
1152 2776 1221 2840 in
1244 2775 1744 2859 Bambergensi,
1765 2777 1952 2860 cujus
1977 2777 2320 2844 diocesani
2343 2785 2414 2843 et
2433 2780 2721 2847 ecclesia

325 2879 851 2963 Bambergensis
916 2879 1255 2946 Romanae
1323 2880 1651 2946 ecclesiae
1711 2879 2094 2948 immediate
2157 2883 2464 2966 subjecti,
2523 2903 2603 2950 ac
2649 2884 2718 2950 in

323 2984 825 3066 Ratisponensi,
872 2999 1043 3063 quae
1090 2985 1173 3048 de
1219 2982 1754 3066 Salzeburgensi,
1813 2989 1884 3050 et
1940 2983 2012 3050 in
2067 2985 2396 3052 Misnensi
2445 2987 2716 3071 diocesi,

322 3108 495 3172 quae
528 3090 613 3155 de
638 3087 1206 3171 Magdeburgensi
1238 3087 1597 3168 provinciis
1630 3088 1952 3171 existunt,
1985 3089 2122 3154 sint
2153 3089 2436 3169 plurima
2471 3098 2720 3182 castra,

323 3201 573 3276 terrae,
616 3190 817 3259 villae
866 3196 935 3257 et
980 3192 1127 3257 loca
1172 3193 1257 3258 ad
1304 3207 1526 3273 regem
1574 3193 1907 3276 Boemjae‚
1955 3193 2066 3272 qui
2108 3198 2215 3258 est
2247 3211 2364 3275 pro
2396 3199 2720 3280 tempore,

316 3297 525 3381 justis
574 3295 789 3366 titulis
836 3295 1266 3378 pertinentia,
1326 3314 1498 3375 quae
1544 3314 1667 3376 per
1713 3295 1926 3377 ipsum
1970 3315 2088 3378 pro
2137 3315 2344 3378 regno
2412 3299 2722 3368 Boemiae

322 3401 433 3468 vel
479 3401 647 3470 alios
693 3418 813 3483 pro
862 3419 939 3466 eo
987 3405 1307 3466 tenentur
1350 3405 1423 3465 et
1469 3399 1747 3480 pacifice
1795 3400 2238 3482 possidentur,
2275 3401 2444 3466 etin
2475 3403 2718 3481 quibus

322 3505 527 3572 etiam
575 3505 837 3586 castris,
884 3505 1107 3588 terrm,
1152 3503 1331 3572 villis
1364 3509 1434 3568 et
1463 3503 1631 3570 locis
1665 3505 1986 3586 plurimae
2019 3505 2369 3586 plebaniae
2401 3511 2472 3570 et
2505 3508 2716 3575 eccle·

320 3609 461 3678 siae
509 3626 590 3674 ac
636 3607 991 3675 multitudo
1038 3606 1203 3672 cleri
1250 3607 1646 3688 consistunt,
1695 3609 1999 3687 quodque
2055 3625 2382 3689 personae
2443 3611 2714 3677 ecclesi-

321 3713 586 3780 asticae
626 3711 871 3778 ibidem
901 3716 1273 3778 existentes
1306 3710 1442 3778 sint
1474 3711 1749 3779 nimium
1779 3711 2166 3796 dissolutae,
2196 3712 2445 3780 divinis
2479 3713 2714 3784 officiis

320 3823 389 3882 et
432 3816 737 3884 honestis
780 3815 1073 3882 moribus
1121 3833 1251 3881 non
1296 3822 1643 3898 vacanteS,
1697 3815 2017 3896 pluraque
2063 3815 2391 3884 beneficia
2437 3819 2708 3885 ecclesi·

320 3922 537 3990 astina
596 3937 671 3986 se
734 3919 1017 3986 invicem
1094 3937 1229 3985 non
1296 3917 1772 3999 compatientia
1847 3918 2114 3986 insimul
2199 3921 2716 4004 dampnabiliter

320 4025 725 4108 detinenteS,
790 4043 873 4090 ex
934 4023 1169 4104 quibus
1232 4022 1573 4089 indevotio
1643 4022 1888 4106 populi,
1955 4026 2326 4092 animarum
2395 4027 2712 4108 pericula,

317 4129 583 4210 aliaque
630 4128 809 4196 mala
852 4134 923 4194 et
968 4128 1289 4194 scandala
1336 4126 1621 4207 plurima
1649 4129 2170 4211 subsequuntur,
2200 4129 2476 4212 ipseque
2509 4131 2712 4212 impe-

312 4237 499 4302 rator
544 4250 631 4300 ex
675 4232 829 4314 illis,
875 4249 1044 4313 quae
1092 4235 1175 4298 ab
1221 4230 1519 4312 ipsarum
1562 4248 1996 4312 personarum
2030 4233 2373 4301 diocesani
2403 4250 2486 4298 ex
2519 4251 2714 4316 supe-

310 4339 599 4404 rioribus
648 4335 914 4404 minime
960 4337 1405 4417 corriguntur,
1454 4335 1806 4414 plurimum
1856 4338 2312 4403 conturbatur.

2404 4459 2502 4512 34*
