3288 4973
1396 387 1786 448 —123—

602 591 697 657 Et
742 589 1093 673 praedicta
1137 590 1443 673 homagia
1488 607 1611 656 seu
1657 587 2004 656 fidelitatis
2054 593 2432 672 juramenta
2476 587 2620 670 ipse
2664 605 2786 652 rex

394 695 487 778 B.,
534 697 821 762 heredes
869 699 939 761 et
986 711 1409 762 successores
1456 693 1563 760 sui
1608 713 1728 775 pro
1774 711 1848 760 se
1893 697 2218 776 perpetuo
2259 693 2594 759 debebunt
2627 690 2784 758 reti-

393 817 574 882 nere,
620 799 743 864 tali
790 799 1057 866 adiecta
1103 799 1500 880 conditione,
1546 799 1718 880 quod
1764 795 1980 864 frater
2025 799 2158 864 dux
2204 797 2535 864 Henricus
2581 797 2786 879 Saga-

390 901 624 969 uensis
673 907 745 970 et
788 903 893 969 sui
935 903 1216 970 heredes
1261 901 1507 968 iustam
1551 901 1846 983 ipsorum
1892 901 2263 984 portionem
2309 905 2460 982 post
2509 906 2784 966 mortem

390 1023 607 1072 meam
651 1005 719 1072 in
765 1005 1130 1088 praedictis
1176 1008 1378 1074 terris
1426 1007 1679 1073 nostris
1727 1009 2198 1089 expectabunt,
2261 1003 2562 1088 exceptis
2622 1005 2784 1070 dun-

394 1116 593 1177 taxat
606 1110 1067 1178 Frauenstadt
1084 1117 1153 1177 et
1172 1111 1393 1179 Lubin
1416 1111 1812 1178 civitatibus
1837 1130 1982 1178 cum
2009 1111 2340 1178 universis
2367 1107 2788 1176 districtibus

394 1221 469 1281 et
515 1213 803 1282 dominio
851 1215 1161 1299 ipsorum,
1222 1235 1390 1297 quae
1449 1215 1628 1282 dicto
1677 1217 1738 1284 d.
1783 1221 2011 1283 nostro
2071 1215 2236 1300 regi,
2295 1213 2654 1282 heredibus
2717 1217 2787 1278 et

394 1319 905 1386 successoribus
951 1317 1091 1386 suis
1139 1319 1447 1386 absolute
1492 1325 1562 1386 et
1606 1319 1816 1387 libere
1861 1323 2315 1388 remanebunt.

606 1423 971 1505 Postquam
1036 1430 1261 1492 autem
1305 1425 1563 1507 vasalli,
1607 1423 1908 1492 homines
1955 1431 2026 1491 et
2070 1427 2442 1509 burgenses
2501 1420 2791 1504 praefati

392 1527 749 1594 fidelitatis
810 1527 1185 1612 homagium
1232 1547 1349 1595 seu
1394 1527 1833 1595 iuramentum
1881 1528 2062 1595 dicto
2108 1526 2254 1612 regi
2300 1534 2372 1593 et
2417 1526 2556 1594 suis
2601 1526 2790 1592 here-

391 1633 591 1697 dibus
638 1629 955 1699 fecerint:
1003 1638 1247 1700 extunc
1294 1633 1524 1699 statim
1572 1632 1716 1716 ipse
1766 1634 1823 1698 d.
1855 1651 1977 1700 rex
2014 1638 2084 1699 et
2114 1633 2217 1700 sui
2247 1633 2529 1698 heredes
2562 1647 2787 1696 omnes

389 1734 781 1818 praedictos
827 1735 1140 1820 vasa1108‚
1186 1737 1552 1822 burgenses
1598 1755 1723 1804 seu
1767 1737 2064 1804 homines
2110 1738 2219 1804 vel
2264 1736 2520 1803 incolas
2551 1735 2636 1800 ad
2669 1752 2790 1800 nos

396 1839 751 1908 remittere
787 1839 1008 1924 debet,
1038 1840 1285 1908 eisdem
1318 1842 1708 1926 praecipere
1739 1847 1810 1907 et
1832 1843 2167 1924 mandare,
2187 1844 2261 1906 ut
2280 1839 2469 1906 nobis
2489 1841 2790 1922 prompte

390 1943 733 2028 obediant,
775 1949 1063 2027 pareant
1108 1947 1179 2012 et
1224 1945 1577 2012 intendant
1624 1951 1944 2028 tanquam
1991 1945 2284 2028 ipsorum
2319 1942 2577 2010 domino
2611 1940 2790 2008 iusto

394 2048 809 2129 temporibus
864 2049 1049 2115 vitae
1110 2053 1381 2116 nostrae
1440 2069 1563 2118 nec
1609 2070 1650 2116 a
1697 2049 1885 2116 nobis
1945 2067 2234 2131 unquam
2295 2048 2611 2114 recedere
2672 2064 2790 2112 seu

394 2153 672 2219 deviare
722 2157 994 2234 propter
1047 2151 1335 2234 aliquam
1398 2173 1686 2240 causam,
1747 2171 1942 2236 quam
2002 2153 2146 2235 ipse
2209 2155 2268 2220 d.
2331 2171 2452 2218 rex
2513 2155 2633 2218 aut
2690 2150 2793 2216 sui

394 2257 683 2323 heredes
728 2257 919 2324 nobis
964 2257 1357 2326 adinvenire
1405 2264 1680 2340 possent
1723 2260 1912 2324 modo
1961 2257 2212 2340 quovis.

606 2359 1036 2427 Promisimus
1080 2363 1283 2429 etiam
1346 2363 1628 2430 firmiter
1673 2368 1743 2428 et
1789 2369 2092 2430 tenemur
2153 2361 2333 2426 dicto
2399 2362 2460 2426 d.
2520 2358 2663 2440 regi
2725 2363 2794 2425 et

396 2465 538 2533 suis
582 2466 959 2550 heredibuS,
1006 2468 1181 2547 qnod
1228 2467 1570 2549 praefatos
1620 2465 1928 2549 vasallos,
1977 2465 2270 2534 homines
2321 2470 2391 2532 et
2422 2467 2786 2547 burgenses

397 2571 581 2637 eirca
626 2571 917 2652 ipsorum
956 2571 1111 2653 jura
1159 2574 1515 2639 debeamus
1562 2570 2032 2639 favorabiliter
2075 2570 2497 2637 conservare.

609 2675 977 2741 Praeterea
1038 2676 1257 2741 dictus
1304 2677 1364 2742 d.
1410 2694 1529 2741 rex
1590 2694 1711 2758 pro
1769 2693 1841 2741 se
1898 2680 1968 2741 et
2012 2674 2366 2741 heredibus
2415 2674 2553 2740 suis
2599 2672 2792 2739 nobis

400 2780 666 2847 sincere
712 2777 1031 2863 promisit,
1092 2780 1267 2860 quod
1326 2799 1443 2860 pro
1504 2776 2037 2861 possessionibus
2097 2778 2346 2845 nostris
2407 2796 2527 2843 seu
2588 2776 2788 2843 terris

400 2902 738 2965 nunquam
781 2884 1133 2967 laborabit,
1179 2886 1297 2950 sed
1344 2884 1565 2965 potius
1612 2884 1880 2951 easdem
1925 2888 2145 2950 terras
2177 2886 2444 2949 nostras
2476 2903 2517 2950 a
2549 2881 2794 2949 violen-

400 2988 517 3055 tiis
551 2992 625 3055 et
645 2986 909 3054 iniuriis
935 3006 1469 3069 quorumcunque
1498 2989 1680 3054 vitae
1713 2993 1984 3055 nostrae
2017 2987 2426 3070 temporibus
2457 2986 2796 3054 tenebitur

404 3092 753 3177 magnifice
799 3091 1160 3159 defendere
1207 3098 1277 3157 et
1323 3092 1517 3159 tueri.

609 3198 897 3278 Insuper
941 3196 999 3264 si
1044 3197 1247 3277 aliqui
1296 3197 1570 3279 nobileS,
1622 3198 1988 3278 burgenses
2021 3202 2140 3262 aut
2170 3197 2427 3264 incolae
2459 3200 2793 3261 terrarum

404 3306 779 3369 nostrarum
838 3301 1213 3384 homagium
1274 3308 1344 3367 et
1404 3301 1752 3368 fidelitatis
1816 3300 2254 3367 iuramentum
2316 3300 2496 3368 dicto
2543 3301 2602 3365 d.
2651 3298 2799 3382 regi

410 3408 481 3473 B.
501 3412 623 3472 aut
651 3406 1006 3473 heredibus
1044 3404 1185 3471 suis
1218 3404 1443 3471 facere
1474 3406 1824 3472 renuerint
1856 3410 1926 3472 et
1955 3406 2100 3487 ipso
2133 3406 2463 3487 praestito
2495 3403 2797 3487 homagio

417 3510 607 3579 nobis
652 3508 923 3577 obedire
966 3528 1089 3576 nec
1136 3508 1525 3592 promittere
1572 3508 1820 3575 iterato
1876 3508 2138 3575 nolent:
2202 3513 2447 3575 extunc
2491 3508 2636 3589 ipse
2682 3526 2804 3574 rex

414 3616 488 3681 B.
533 3619 652 3681 aut
696 3614 977 3681 heredes
1025 3612 1130 3680 sui
1174 3619 1246 3681 et
1288 3631 1407 3680 nos
1456 3616 1718 3679 eosdem
1786 3612 2160 3679 renitentes
2205 3630 2326 3679 seu
2387 3610 2671 3679 rebelles
2734 3610 2802 3677 vi

419 3719 812 3800 compellere
858 3716 1227 3785 tenebimur
1272 3720 1361 3784 ad
1406 3718 1822 3800 praedictum
1875 3716 2248 3799 homagium
2293 3722 2364 3782 et
2409 3714 2800 3783 fidelitatem

420 3824 599 3890 dicto
647 3825 706 3889 d.
751 3823 897 3905 regi
942 3827 1013 3888 et
1058 3822 1503 3889 obedientiam
1550 3822 1741 3888 nobis
1785 3820 2174 3887 faciendam.

624 3926 718 3993 Et
760 3924 819 3991 si
864 3944 984 3993 nos
1023 3926 1433 4009 praedictam
1466 3926 1812 3993 ciuitatem
1844 3924 2063 3992 Lubin
2094 3924 2267 3990 infra
2299 3922 2804 4005 quadriennium

421 4032 795 4099 continuum
870 4031 1216 4098 exsoluere
1291 4030 1718 4115 potuerimuS,
1792 4031 1858 4096 in
1928 4028 2302 4096 huiusmodi
2389 4028 2806 4095 exsolutione

421 4134 781 4203 subsidium
822 4136 968 4219 ipse
1015 4154 1133 4202 rex
1179 4136 1453 4202 tertium
1508 4136 1856 4203 denarium
1914 4136 2102 4201 nobis
2163 4136 2323 4200 dare
2383 4138 2664 4199 tenetur.
2731 4133 2807 4199 Si

418 4244 636 4307 autem
696 4239 842 4321 ipse
904 4257 1023 4305 rex
1110 4243 1231 4305 aut
1294 4238 1399 4305 sui
1465 4239 1749 4305 heredes
1817 4238 2032 4321 ipsam
2106 4237 2291 4321 prius
2364 4238 2805 4320 exsoluerent,

420 4349 658 4412 extunc
706 4344 883 4411 datis
930 4342 1059 4410 sibi
1102 4362 1223 4425 per
1269 4362 1390 4409 nos
1436 4344 1694 4409 duabus
1735 4343 2052 4425 partibus
2115 4343 2460 4411 civitatem
2522 4344 2801 4409 eandem
