3288 4973
1289 388 1679 449 —499—

491 584 643 652 500.
705 583 980 673 Oppidi
1035 584 1244 658 Mare
1291 586 1732 675 (Seestadtl,
1778 589 2179 677 Ervenice)
2225 587 2671 661 infeudatio.

1119 710 1314 795 1361,
1360 713 1426 779 4.
1473 708 1837 797 Augusti.

491 842 900 901 Hestecko
947 846 1156 901 Mare
1203 863 1237 901 a
1286 848 1408 901 vsi
1457 848 1496 901 k
1544 852 1763 903 tomu.
1818 846 1946 902 List
1998 846 2280 903 Hei-mana
2316 863 2351 902 a
2387 847 2669 903 Bernatta

273 930 458 985 bratii
493 946 526 985 z
563 917 892 1001 Sumburka,
928 936 995 987 ie
1030 934 1314 988 mestecko
1352 934 1506 989 liare
1543 933 1564 987 i
1593 934 1716 1003 jine
1752 933 1980 991 vesuice
2006 933 2297 1004 (seyfridt,
2326 934 2661 1003 Deynharts,

275 1018 622 1087 Hohendorf,
677 1016 920 1089 Tettaw,
974 1020 1174 1077 Gesow
1211 1027 1270 1075 et
1305 1020 1450 1076 silva
1485 1020 1856 1088 Frydenbach
1895 1028 1997 1076 aut
2034 1020 2509 1091 Scheydembach)
2560 1023 2668 1089 ped

272 1104 556 1161 manstvie
593 1106 782 1176 davaji
820 1106 966 1162 krali
1001 1106 1234 1162 Karlovi
1272 1124 1307 1163 a
1334 1108 1471 1176 jehu
1505 1107 1786 1177 buduca‘m,
1825 1107 2079 1163 kraluom
2116 1108 2341 1174 ceskym
2378 1107 2398 1162 i
2434 1109 2666 1165 korune.

489 1227 610 1314 (A.
657 1226 752 1297 Κ.
799 1266 886 1279 -
931 1226 1084 1295 cod.
1111 1233 1174 1315 j.
1217 1228 1274 1298 b.
1317 1228 1408 1299 ιι.
1453 1231 1516 1317 3,
1551 1253 1626 1316 p.
1672 1230 1807 1317 43.)

487 1472 638 1539 5⁰1.
687 1422 1008 1542 Carolus
1052 1470 1181 1541 IV.
1228 1470 1578 1542 restituit
1613 1470 1973 1561 oppidum
2002 1470 2461 1545 Zukmantel
2494 1490 2663 1545 cum

267 1576 533 1645 castro
579 1573 970 1646 Edelstein
1013 1574 1326 1646 Nicolao
1371 1574 1553 1647 duci
1596 1575 2035 1665 opaviensi.

1088 1708 1284 1791 1361,
1327 1708 1438 1775 21.
1483 1704 1848 1795 Augusti.

487 1844 766 1913 Carolus
809 1842 924 1911 IV.
970 1846 1030 1917 d
1075 1844 1117 1912 f.
1163 1846 1243 1913 cl.
1286 1846 1362 1914 R.
1411 1844 1464 1913 I.
1511 1866 1562 1913 s.
1607 1866 1665 1914 a.
1710 1853 1783 1913 et
1812 1848 1887 1912 Β.
1918 1864 2057 1931 rex,
2087 1842 2335 1915 illustri
2366 1848 2669 1933 Nicolao,

265 1949 430 2016 duci
499 1948 800 2031 Opauiae
863 1955 936 2016 et
996 1948 1455 2033 Rathiboriae,
1518 1950 1807 2033 principi
1869 1955 1941 2015 et
2003 1951 2497 2067 consanguineo
2544 1970 2661 2021 suo

266 2054 542 2135 dilecto,
585 2052 876 2138 gratiam
921 2072 1105 2121 suam
1152 2057 1224 2120 et
1267 2071 1458 2121 omne
1502 2055 1765 2123 bonum.

485 2156 993 2242 Consanguinee
1039 2158 1461 2225 charissime!
1509 2158 1686 2243 Quia
1732 2156 1987 2241 pridem
2030 2159 2113 2226 cl.
2158 2177 2345 2226 mem.
2381 2158 2664 2228 illustris

263 2262 316 2329 J
318 2279 592 2345 oanneS,
665 2262 992 2343 quondam
1061 2262 1136 2329 B.
1203 2280 1340 2344 rex,
1417 2263 1685 2345 genitor
1758 2268 1991 2329 noster
2056 2262 2507 2346 charissimus,
2574 2266 2660 2332 ad

265 2365 772 2451 suggestionem
817 2365 1158 2433 sinistram
1200 2367 1605 2433 aemulorum
1652 2371 1913 2432 tuorum
1973 2384 2049 2433 se
2093 2369 2179 2435 de
2241 2367 2483 2449 oppido
2542 2372 2661 2433 tuo

266 2470 712 2539 Czukmantel
755 2474 825 2538 et
870 2474 1094 2537 castro
1141 2468 1453 2538 Edlstein
1499 2490 1648 2540 cum
1696 2489 1922 2538 eorum
1966 2472 2397 2553 pertinentiis
2457 2472 2665 2538 intro-

263 2575 452 2642 misit
496 2583 569 2642 et
613 2593 654 2642 a
697 2579 767 2643 te
811 2575 1052 2642 literas
1098 2578 1420 2656 quasdam
1452 2573 1737 2658 accepit,
1768 2576 2006 2657 quibus
2040 2581 2113 2641 tu
2145 2575 2659 2644 renuntiaveras

267 2697 388 2763 pro
435 2684 506 2746 te
555 2684 625 2746 et
669 2679 805 2746 tuis
851 2679 1208 2748 heredibus
1256 2681 1432 2747 omni
1467 2679 1607 2764 juri
1653 2686 1727 2747 et
1770 2679 1987 2763 titulo,
2047 2681 2164 2762 qui
2222 2681 2413 2750 vobis
2478 2681 2661 2748 circa

265 2783 581 2866 oppidum
648 2788 718 2850 et
785 2785 1076 2850 castrum
1143 2786 1559 2866 praedictum
1629 2789 2008 2867 competere
2063 2789 2376 2866 poterant
2421 2785 2657 2867 quouis

267 2889 493 2954 modo:
541 2905 662 2954 nos
706 2904 867 2956 vero
915 2891 1066 2969 post
1112 2887 1366 2954 obitum
1409 2888 1742 2956 antedicti
1786 2888 2113 2972 genitoris
2158 2889 2392 2973 nostri,
2440 2894 2661 2958 atten-

265 2995 532 3072 dentes,
577 2994 752 3072 quod
814 2991 1126 3073 oppidum
1185 2997 1256 3058 et
1319 2997 1612 3060 castrum
1672 2992 2047 3060 huiusmodi
2106 3010 2255 3060 cum
2310 2993 2451 3060 suis
2512 3010 2661 3077 per·

263 3095 581 3163 tinentiis
625 3097 714 3164 ad
758 3095 1202 3178 principatum
1248 3102 1434 3162 tuum
1481 3097 1626 3163 siue
1672 3097 1987 3162 ducatum
2034 3096 2333 3178 Opauiae
2387 3097 2658 3163 indubie

265 3199 723 3283 pertinebant,
766 3201 1072 3281 quodque
1127 3199 1253 3268 tibi
1311 3201 1604 3267 debebat
1662 3199 1931 3266 iusticia
1992 3201 2321 3267 suadente
2366 3200 2661 3282 restitui,

262 3304 394 3372 tibi
439 3305 674 3371 eadem
720 3303 1152 3387 restituimus,
1197 3304 1374 3370 sicut
1418 3322 1500 3371 ea
1543 3303 1674 3370 Dei
1708 3303 1941 3374 favore
1974 3311 2045 3372 et
2074 3309 2347 3374 nostrae
2378 3305 2658 3388 pietatis

261 3407 608 3491 praesidio
651 3407 932 3490 pacifice
977 3407 1277 3489 possides
1325 3407 1395 3474 in
1439 3408 1801 3490 praesenti.

480 3511 926 3597 Quapropter,
988 3530 1069 3578 ne
1131 3513 1543 3594 inposterum
1609 3528 1814 3594 super
1870 3510 2232 3579 antedictis
2294 3511 2532 3593 oppido
2598 3515 2669 3577 et

262 3622 496 3684 castro
544 3635 625 3683 ac
671 3635 900 3684 eorum
944 3616 1376 3697 pertinentiis
1421 3615 1646 3700 aliqua
1693 3621 1931 3696 surgat
1961 3615 2036 3681 in
2066 3615 2167 3682 tui
2196 3633 2316 3682 seu
2347 3616 2667 3683 heredum

263 3727 534 3788 tuorum
567 3720 1048 3802 praeiudicium
1077 3720 1362 3787 materia
1393 3720 1764 3804 dubitandi,
1794 3721 1880 3787 ad
1913 3718 2245 3804 publicam
2278 3720 2665 3788 deducimus

263 3826 609 3893 notionem
631 3830 702 3892 et
723 3825 1099 3908 praesentis
1121 3824 1359 3908 scripti
1388 3825 1761 3907 patrocinio
1796 3825 2231 3907 declaramuS,
2265 3826 2439 3904 quod
2469 3843 2663 3906 prae-

268 3931 474 4014 dicta,
520 3929 840 3997 videlicet
885 3929 1196 4013 oppidum
1243 3929 1644 3996 Czukmantl
1684 3935 1756 3997 et
1786 3935 2083 3996 castrum
2114 3927 2486 4014 Edelstein,
2518 3947 2664 3996 cum

259 4034 573 4100 omnibus
621 4051 845 4100 eorum
892 4033 1340 4116 pertinentiis,
1386 4035 1470 4100 de
1518 4051 1796 4116 corpore
1851 4032 1953 4100 tui
2013 4035 2298 4100 ducatus
2360 4032 2663 4114 Opauiae

257 4139 516 4205 dudum
559 4137 834 4206 fuerunt
878 4144 949 4206 et
987 4143 1162 4222 sunt,
1193 4143 1264 4205 et
1295 4157 1376 4206 ea
1410 4138 1496 4204 ad
1526 4139 2027 4206 habundantem
2060 4137 2405 4220 cautelam,
2436 4138 2655 4205 animo

251 4239 656 4323 deliberato,
713 4261 840 4310 non
895 4261 1018 4326 per
1064 4261 1360 4312 errorem
1404 4247 1526 4308 aut
1571 4242 1959 4328 improuide,
2006 4244 2127 4309 sed
2172 4247 2433 4308 maturo
2477 4242 2661 4325 prin·

251 4346 498 4433 cipum,
558 4349 877 4416 baronum
935 4367 1014 4416 ac
1077 4365 1423 4430 procerum
1483 4353 1868 4415 nostrorum
1931 4348 2300 4415 accedente
2361 4347 2664 4431 consilio,

2354 4465 2456 4520 32·
