3288 4973
1326 375 1718 437 —131-

324 579 397 644 de
444 579 725 662 Bocrey,
766 580 1086 646 woiwode
1134 581 1215 646 de
1261 577 1601 662 Cracouia,
1649 576 1736 644 M.
1769 575 2342 646 Sandomeriensis
2380 577 2713 662 woiwode‚

326 681 603 766 GesskO,
677 683 1089 766 Mantroska,
1165 681 1363 750 iudex
1440 683 1668 751 curiae
1740 681 2224 764 cracouiensis,
2292 681 2553 750 Passek
2627 685 2711 748 de

325 787 595 870 Bocrey,
655 785 1205 853 Sandomerensis
1252 787 1453 854 iudex
1498 787 1948 870 prouincialis,
2004 786 2246 870 Ozeloi,
2293 786 2363 853 in
2407 786 2712 853 Ratomis

324 890 635 972 dominns,
710 889 1067 958 Kezimant
1132 891 1688 973 subcamerarius‚
1775 890 2107 958 Henricus
2172 889 2708 958 subcamerarius

321 994 901 1076 SandomeriensiS,
948 995 1189 1064 Weras
1236 995 1646 1063 castellanus
1679 997 1761 1062 de
1799 994 2100 1078 Winitia,
2149 993 2707 1061 Audorsmonossi

320 1098 483 1164 filius
530 1099 823 1180 Lowczy
866 1104 938 1165 et
984 1099 1349 1166 Pacoslaus
1404 1097 1686 1183 Slibnik,
1749 1099 2176 1166 fideiussores
2237 1098 2446 1181 ipsius
2508 1096 2704 1180 regis,

321 1202 558 1269 domini
603 1203 839 1285 nostri,
883 1204 969 1268 ab
1017 1202 1159 1285 ipso
1206 1203 1558 1270 constituti
1604 1205 1691 1269 ad
1748 1201 1922 1270 inira
1983 1201 2240 1284 scripta
2283 1207 2484 1282 atque
2530 1201 2704 1268 dati:

322 1309 547 1373 tenore
598 1307 1052 1388 praesentium
1090 1307 1639 1391 recognoscimuS,
1701 1307 1980 1374 dicimus
2042 1309 2112 1373 et
2170 1305 2440 1387 publice
2500 1307 2698 1372 confi·

320 1415 543 1493 temur,
602 1427 725 1476 nos
780 1410 1002 1477 teneri
1063 1415 1134 1476 et
1193 1428 1538 1476 remanere
1593 1411 1920 1492 obligatos
1979 1407 2326 1492 magnifico
2390 1410 2693 1494 principi,

320 1515 571 1581 domino
646 1513 695 1579 J
697 1512 894 1580 oanni
954 1514 1101 1596 regi
1162 1513 1475 1580 Boemiae
1535 1518 1605 1580 et
1675 1513 1812 1580 suis
1884 1513 2243 1579 heredibus
2312 1514 2394 1579 de
2452 1531 2702 1580 summa

320 1631 382 1683 et
438 1617 820 1699 quantitate
880 1615 1120 1701 viginti
1179 1605 1453 1684 millium
1515 1635 1998 1699 sexagenamm
2057 1635 2435 1699 grossorum
2497 1620 2694 1685 dena-

318 1721 555 1788 riorum
600 1721 1055 1804 Pragensium,
1101 1722 1169 1786 in
1216 1740 1347 1802 qua
1394 1721 1574 1788 dicto
1621 1721 1880 1788 domino
1926 1720 2070 1802 regi
2116 1720 2426 1787 Boemiae
2473 1722 2698 1788 decem

322 1825 489 1892 mille
553 1841 927 1908 sexagenas
996 1825 1325 1892 dictorum
1395 1825 1813 1892 denariorum
1873 1826 2004 1891 iam
2065 1824 2378 1891 soluimus
2438 1823 2508 1890 in
2565 1845 2696 1893 una

318 1923 535 2012 ρει-ἰὸς
580 1931 651 1996 in
696 1929 829 1996 alia
872 1947 1035 1995 uero
1078 1934 1275 2012 parte
1324 1929 1534 1996 nobili
1565 1929 1710 1995 viro
1744 1928 2005 1995 domino
2035 1927 2332 1996 Henrico
2363 1930 2446 1995 de
2479 1929 2698 2013 Lippa

322 2035 395 2100 de
456 2038 741 2114 quatuor
799 2031 1087 2100 millibus
1151 2051 1636 2116 sexagenarum
1697 2034 2020 2100 dictorum
2082 2049 2462 2114 grossorum
2523 2034 2691 2102 satis

318 2139 623 2221 dedimus
670 2143 741 2204 et
785 2137 1217 2204 securitatem
1261 2134 1536 2204 fecimus
1600 2137 2040 2203 sufficientem
2102 2137 2170 2202 in
2225 2154 2348 2202 sex
2402 2137 2692 2204 millibus

318 2259 528 2325 sexag.
594 2259 973 2325 grossorum
1038 2241 1471 2324 Pragensium
1525 2242 2042 2324 praedictorum,
2100 2240 2448 2307 occasione
2493 2246 2564 2306 et
2610 2259 2693 2307 ex

318 2364 513 2413 causa
577 2345 1098 2412 renunciationis
1157 2343 1381 2412 factae
1442 2345 1656 2429 nobis,
1708 2346 1849 2429 regi
1909 2345 2244 2427 Poloniae,
2299 2363 2420 2426 per
2478 2345 2690 2427 ipsum

319 2451 635 2517 dominum
692 2467 916 2534 regem
976 2449 1289 2517 Boemiae
1350 2451 1430 2517 de
1492 2450 1637 2534 ipso
1701 2467 1903 2534 regno
1965 2454 2036 2515 et
2095 2449 2291 2516 titulo
2354 2448 2688 2516 Poloniae.

318 2554 529 2636 Ipsam
598 2573 758 2622 uero
835 2555 1185 2637 pecuniam
1261 2556 1593 2622 residuam
1669 2573 1788 2620 sex
1868 2554 2140 2621 millium
2209 2572 2686 2636 sexagenamm

316 2677 676 2740 grossorum
722 2660 1159 2741 Pragensium
1206 2660 1652 2741 promittimus
1697 2661 1872 2724 bona
1917 2660 2046 2725 fide
2100 2658 2169 2724 in
2231 2658 2402 2725 festo
2467 2676 2684 2725 resur-

316 2762 619 2829 rectionis
664 2764 928 2830 Domini
973 2763 1269 2847 proxime
1314 2767 1620 2846 venturo,
1661 2763 1872 2829 eidem
1906 2763 2164 2829 domino
2198 2762 2339 2846 regi
2371 2762 2682 2829 Boemiae

308 2851 389 2929 ‘ac
432 2866 563 2933 suis
604 2867 963 2935 heredibus
996 2868 1106 2934 uel
1139 2886 1363 2934 eorum
1394 2866 1667 2951 nuntiis,
1700 2869 1788 2933 ad
1817 2868 1939 2935 hoc
1971 2866 2267 2950 speciale
2298 2866 2679 2933 mandatum

318 2968 721 3055 habentibuS,
768 2974 949 3055 dare,
995 2972 1345 3053 assignare
1392 2976 1461 3038 et
1505 2971 1768 3039 solvere
1814 2974 1938 3038 sub
1987 2970 2235 3039 nostris
2269 2970 2584 3051 periculis
2617 2975 2686 3037 et

324 3076 629 3159 expensis,
673 3076 743 3143 in
789 3075 1074 3143 Ratibor
1134 3076 1374 3158 oppido
1420 3076 1528 3141 uel
1574 3075 1632 3143 si
1679 3078 1893 3157 ipsum
1939 3074 2246 3159 oppidum
2293 3074 2682 3141 intermedio

318 3184 593 3260 tempore
659 3182 745 3248 de
810 3179 1021 3262 ipsius
1084 3179 1325 3247 domini
1395 3180 1572 3263 regis
1651 3180 1963 3247 Boemiae
2038 3184 2107 3247 et
2175 3180 2277 3247 sui
2340 3179 2680 3262 principis,

320 3281 544 3349 domini
589 3282 938 3367 LeskoniS,
984 3284 1173 3350 ducis
1226 3282 1491 3368 ibidem,
1547 3284 1851 3351 manibus
1919 3284 2186 3351 extrahi
2247 3283 2686 3369 contingeret,

318 3402 395 3450 ex
435 3390 581 3453 tunc
624 3388 694 3455 in
742 3388 1023 3455 ciuitate
1083 3388 1387 3472 Oppauia
1450 3387 1518 3454 in
1579 3389 1885 3457 Moravia
1949 3390 2111 3455 dare
2176 3389 2551 3455 tenebimur
2615 3393 2685 3455 et

320 3489 637 3572 assignare
684 3493 834 3576 ipsa
878 3511 997 3559 sex
1043 3492 1251 3558 millia
1311 3511 1688 3574 grossorum
1747 3492 2186 3575 Pragensium
2246 3494 2563 3558 bonorum
2611 3498 2683 3559 et

318 3592 619 3681 legalium,
666 3597 775 3663 vel
820 3597 1113 3664 valorem
1145 3596 1437 3679 ipsorum
1470 3596 1540 3661 in
1570 3614 1735 3662 auro
1766 3596 1875 3663 vel
1906 3599 2202 3678 argent0,
2235 3595 2424 3661 iuxta
2455 3600 2680 3661 taxam

319 3714 697 3768 communem
742 3704 1015 3768 duorum
1060 3702 1371 3785 virorum,
1417 3719 1499 3767 ex
1545 3705 1830 3781 utraque
1864 3702 2058 3783 parte
2090 3700 2471 3782 electorum,
2501 3699 2679 3766 omni

320 3800 613 3871 dilatione
677 3810 747 3871 et
806 3803 1414 3887 procrastinatione
1470 3804 1744 3887 penitus
1805 3805 2034 3886 procul
2093 3803 2307 3870 motis,
2368 3802 2559 3887 Quod
2620 3802 2680 3869 si

320 3922 441 3971 non
476 3906 836 3977 faceremus
883 3912 955 3976 et
1002 3908 1246 3975 dictam
1294 3907 1642 3991 pecuniam
1698 3908 1767 3975 in
1827 3914 1970 3975 toto
2031 3907 2139 3975 vel
2202 3907 2272 3973 in
2333 3911 2546 3989 parte,
2605 3905 2676 3972 in

318 4008 467 4075 locis
498 4018 562 4079 et
589 4012 872 4080 termino
917 4014 1243 4095 praefatis
1291 4032 1422 4080 non
1468 4011 1882 4096 soluerimuS‚
1929 4030 2012 4079 ex
2057 4017 2215 4079 tunc
2253 4010 2676 4078 fideiussores

317 4116 617 4195 praedicti
659 4104 1039 4185 immediate
1101 4118 1446 4185 ciuitatem
1502 4116 1846 4200 Oppaviae
1905 4117 2163 4201 ingredi
2225 4114 2672 4200 promittimus

321 4222 383 4281 et
450 4222 737 4289 tenemur
810 4222 879 4289 in
935 4226 1127 4289 certa
1185 4224 1395 4305 dome,
1452 4239 1647 4303 quam
1715 4222 1904 4289 nobis
1974 4222 2117 4304 ipse
2187 4219 2486 4288 dominus
2554 4238 2676 4285 rex

321 4318 599 4393 Boemiae
646 4326 753 4392 vel
800 4327 1083 4392 heredes
1130 4330 1201 4392 et
1243 4323 1463 4391 nuntii
1525 4324 1630 4391 sui
1673 4326 1759 4390 ad
1808 4324 1934 4391 hoc
1997 4325 2320 4407 deputati,
2379 4322 2674 4405 assigna-

2401 4444 2466 4497 9*
