<?xml version="1.0" encoding="UTF-8"?>
<!DOCTYPE html PUBLIC "-//W3C//DTD XHTML 1.0 Transitional//EN"
    "http://www.w3.org/TR/xhtml1/DTD/xhtml1-transitional.dtd">
<html xmlns="http://www.w3.org/1999/xhtml" xml:lang="en" lang="en">
 <head>
  <title>
</title>
<meta http-equiv="Content-Type" content="text/html;charset=utf-8" />
  <meta name='ocr-system' content='tesseract 3.04.00' />
  <meta name='ocr-capabilities' content='ocr_page ocr_carea ocr_par ocr_line ocrx_word'/>
</head>
<body>
  <div class='ocr_page' id='page_1' title='image "./codexjurisbohem00bohegoog_0417.png"; bbox 0 0 3288 4973; ppageno 0'>
   <div class='ocr_carea' id='block_1_1' title="bbox 1344 349 1736 411">
    <p class='ocr_par' dir='ltr' id='par_1_1' title="bbox 1344 349 1736 411">
     <span class='ocr_line' id='line_1_1' title="bbox 1344 349 1736 411; baseline 0 -1"><span class='ocrx_word' id='word_1_1' title='bbox 1344 349 1736 411; x_wconf 71' lang='lat'>—403—</span> 
     </span>
    </p>
   </div>
   <div class='ocr_carea' id='block_1_2' title="bbox 312 551 2728 1889">
    <p class='ocr_par' dir='ltr' id='par_1_2' title="bbox 312 551 2728 1889">
     <span class='ocr_line' id='line_1_2' title="bbox 553 551 2728 636; baseline 0 -19"><span class='ocrx_word' id='word_1_2' title='bbox 553 552 863 634; x_wconf 87' lang='lat' dir='ltr'><strong>Inprimis</strong></span> <span class='ocrx_word' id='word_1_3' title='bbox 929 553 1257 634; x_wconf 87' lang='lat' dir='ltr'><strong>siquidem</strong></span> <span class='ocrx_word' id='word_1_4' title='bbox 1319 554 1792 636; x_wconf 79' lang='lat' dir='ltr'><strong>promittentes</strong></span> <span class='ocrx_word' id='word_1_5' title='bbox 1852 556 2025 619; x_wconf 85' lang='lat' dir='ltr'><strong>bona</strong></span> <span class='ocrx_word' id='word_1_6' title='bbox 2085 558 2316 620; x_wconf 84' lang='lat' dir='ltr'><strong>nostra</strong></span> <span class='ocrx_word' id='word_1_7' title='bbox 2375 551 2524 636; x_wconf 88' lang='lat' dir='ltr'><strong>fide,</strong></span> <span class='ocrx_word' id='word_1_8' title='bbox 2585 554 2728 618; x_wconf 88' lang='lat' dir='ltr'><strong>sine</strong></span> 
     </span>
     <span class='ocr_line' id='line_1_3' title="bbox 330 655 2724 741; baseline 0.002 -21"><span class='ocrx_word' id='word_1_9' title='bbox 330 655 519 721; x_wconf 88' lang='lat' dir='ltr'><strong>omni</strong></span> <span class='ocrx_word' id='word_1_10' title='bbox 576 657 723 722; x_wconf 90' lang='lat' dir='ltr'><strong>dolo</strong></span> <span class='ocrx_word' id='word_1_11' title='bbox 772 663 841 722; x_wconf 89' lang='lat' dir='ltr'><strong>et</strong></span> <span class='ocrx_word' id='word_1_12' title='bbox 888 657 1145 723; x_wconf 86' lang='lat' dir='ltr'><strong>virtute</strong></span> <span class='ocrx_word' id='word_1_13' title='bbox 1198 657 1583 741; x_wconf 86' lang='lat' dir='ltr'><strong>juramenti,</strong></span> <span class='ocrx_word' id='word_1_14' title='bbox 1640 660 1816 738; x_wconf 89' lang='lat' dir='ltr'><strong>quod</strong></span> <span class='ocrx_word' id='word_1_15' title='bbox 1879 658 2168 739; x_wconf 81' lang='lat' dir='ltr'><strong>desuper</strong></span> <span class='ocrx_word' id='word_1_16' title='bbox 2227 660 2312 723; x_wconf 87' lang='lat' dir='ltr'><strong>ad</strong></span> <span class='ocrx_word' id='word_1_17' title='bbox 2377 658 2724 740; x_wconf 85' lang='lat' dir='ltr'><strong>evangelia</strong></span> 
     </span>
     <span class='ocr_line' id='line_1_4' title="bbox 326 761 2726 844; baseline 0.002 -21"><span class='ocrx_word' id='word_1_18' title='bbox 326 765 577 826; x_wconf 87' lang='lat' dir='ltr'><strong>sancta</strong></span> <span class='ocrx_word' id='word_1_19' title='bbox 634 761 1026 844; x_wconf 75' lang='lat' dir='ltr'><strong>juravimuS,</strong></span> <span class='ocrx_word' id='word_1_20' title='bbox 1095 779 1213 842; x_wconf 90' lang='lat' dir='ltr'><strong>pro</strong></span> <span class='ocrx_word' id='word_1_21' title='bbox 1284 762 1476 828; x_wconf 90' lang='lat' dir='ltr'><strong>nobis</strong></span> <span class='ocrx_word' id='word_1_22' title='bbox 1545 779 1804 830; x_wconf 85' lang='lat' dir='ltr'><strong>necnon</strong></span> <span class='ocrx_word' id='word_1_23' title='bbox 1872 763 2070 828; x_wconf 87' lang='lat' dir='ltr'><strong>dictis</strong></span> <span class='ocrx_word' id='word_1_24' title='bbox 2137 762 2289 830; x_wconf 86' lang='lat' dir='ltr'><strong>filiis</strong></span> <span class='ocrx_word' id='word_1_25' title='bbox 2359 767 2430 828; x_wconf 92' lang='lat' dir='ltr'><strong>et</strong></span> <span class='ocrx_word' id='word_1_26' title='bbox 2497 761 2726 828; x_wconf 88' lang='lat' dir='ltr'><strong>liberis</strong></span> 
     </span>
     <span class='ocr_line' id='line_1_5' title="bbox 320 864 2726 950; baseline 0 -20"><span class='ocrx_word' id='word_1_27' title='bbox 320 864 603 944; x_wconf 78' lang='lat' dir='ltr'><strong>nostriS,</strong></span> <span class='ocrx_word' id='word_1_28' title='bbox 648 864 1007 932; x_wconf 84' lang='lat' dir='ltr'><strong>heredibus</strong></span> <span class='ocrx_word' id='word_1_29' title='bbox 1054 873 1123 932; x_wconf 90' lang='lat' dir='ltr'><strong>et</strong></span> <span class='ocrx_word' id='word_1_30' title='bbox 1169 867 1670 934; x_wconf 88' lang='lat' dir='ltr'><strong>successoribus</strong></span> <span class='ocrx_word' id='word_1_31' title='bbox 1718 866 1989 950; x_wconf 75' lang='lat' dir='ltr'><strong>nostrie,</strong></span> <span class='ocrx_word' id='word_1_32' title='bbox 2044 867 2314 950; x_wconf 84' lang='lat' dir='ltr'><strong>regibus</strong></span> <span class='ocrx_word' id='word_1_33' title='bbox 2373 865 2726 948; x_wconf 87' lang='lat' dir='ltr'><strong>Franciae‚</strong></span> 
     </span>
     <span class='ocr_line' id='line_1_6' title="bbox 317 969 2721 1054; baseline 0 -20"><span class='ocrx_word' id='word_1_34' title='bbox 317 987 449 1035; x_wconf 90' lang='lat' dir='ltr'><strong>seu</strong></span> <span class='ocrx_word' id='word_1_35' title='bbox 540 986 1073 1050; x_wconf 85' lang='lat' dir='ltr'><strong>quorumcunque</strong></span> <span class='ocrx_word' id='word_1_36' title='bbox 1162 969 1440 1036; x_wconf 88' lang='lat' dir='ltr'><strong>aliorum</strong></span> <span class='ocrx_word' id='word_1_37' title='bbox 1514 971 1864 1036; x_wconf 90' lang='lat' dir='ltr'><strong>titulorum</strong></span> <span class='ocrx_word' id='word_1_38' title='bbox 1941 970 2350 1054; x_wconf 79' lang='lat' dir='ltr'><strong>exstiterint,</strong></span> <span class='ocrx_word' id='word_1_39' title='bbox 2415 969 2721 1052; x_wconf 88' lang='lat' dir='ltr'><strong>praefato</strong></span> 
     </span>
     <span class='ocr_line' id='line_1_7' title="bbox 318 1073 2725 1157; baseline 0 -18"><span class='ocrx_word' id='word_1_40' title='bbox 318 1073 760 1139; x_wconf 88' lang='lat' dir='ltr'><strong>serenissimo</strong></span> <span class='ocrx_word' id='word_1_41' title='bbox 828 1073 1112 1155; x_wconf 82' lang='lat' dir='ltr'><strong>principi</strong></span> <span class='ocrx_word' id='word_1_42' title='bbox 1160 1075 1422 1157; x_wconf 85' lang='lat' dir='ltr'><strong>Carolo‚</strong></span> <span class='ocrx_word' id='word_1_43' title='bbox 1484 1074 1930 1142; x_wconf 86' lang='lat' dir='ltr'><strong>Romanorum</strong></span> <span class='ocrx_word' id='word_1_44' title='bbox 1991 1074 2389 1156; x_wconf 82' lang='lat' dir='ltr'><strong>Imperatori</strong></span> <span class='ocrx_word' id='word_1_45' title='bbox 2451 1079 2524 1140; x_wconf 88' lang='lat' dir='ltr'><strong>et</strong></span> <span class='ocrx_word' id='word_1_46' title='bbox 2581 1073 2725 1156; x_wconf 81' lang='lat' dir='ltr'><strong>regi</strong></span> 
     </span>
     <span class='ocr_line' id='line_1_8' title="bbox 319 1177 2724 1263; baseline 0 -20"><span class='ocrx_word' id='word_1_47' title='bbox 319 1178 664 1261; x_wconf 89' lang='lat' dir='ltr'><strong>Boemiae,</strong></span> <span class='ocrx_word' id='word_1_48' title='bbox 727 1178 1083 1246; x_wconf 84' lang='lat' dir='ltr'><strong>heredibus</strong></span> <span class='ocrx_word' id='word_1_49' title='bbox 1147 1187 1219 1244; x_wconf 88' lang='lat' dir='ltr'><strong>et</strong></span> <span class='ocrx_word' id='word_1_50' title='bbox 1278 1181 1780 1248; x_wconf 88' lang='lat' dir='ltr'><strong>successoribus</strong></span> <span class='ocrx_word' id='word_1_51' title='bbox 1843 1180 2001 1263; x_wconf 89' lang='lat' dir='ltr'><strong>suis,</strong></span> <span class='ocrx_word' id='word_1_52' title='bbox 2061 1177 2378 1245; x_wconf 89' lang='lat' dir='ltr'><strong>Boemiae</strong></span> <span class='ocrx_word' id='word_1_53' title='bbox 2435 1177 2724 1260; x_wconf 83' lang='lat' dir='ltr'><strong>regibus,</strong></span> 
     </span>
     <span class='ocr_line' id='line_1_9' title="bbox 316 1282 2726 1366; baseline 0 -18"><span class='ocrx_word' id='word_1_54' title='bbox 316 1284 503 1364; x_wconf 84' lang='lat' dir='ltr'><strong>quod</strong></span> <span class='ocrx_word' id='word_1_55' title='bbox 550 1283 845 1348; x_wconf 79' lang='lat' dir='ltr'><strong>ammodo</strong></span> <span class='ocrx_word' id='word_1_56' title='bbox 914 1282 1186 1348; x_wconf 89' lang='lat' dir='ltr'><strong>inantea</strong></span> <span class='ocrx_word' id='word_1_57' title='bbox 1252 1301 1334 1349; x_wconf 91' lang='lat' dir='ltr'><strong>ac</strong></span> <span class='ocrx_word' id='word_1_58' title='bbox 1402 1285 1605 1350; x_wconf 86' lang='lat' dir='ltr'><strong>etiam</strong></span> <span class='ocrx_word' id='word_1_59' title='bbox 1686 1285 1754 1350; x_wconf 90' lang='lat' dir='ltr'><strong>in</strong></span> <span class='ocrx_word' id='word_1_60' title='bbox 1823 1288 2234 1366; x_wconf 81' lang='lat' dir='ltr'><strong>perpetuum</strong></span> <span class='ocrx_word' id='word_1_61' title='bbox 2303 1283 2594 1364; x_wconf 88' lang='lat' dir='ltr'><strong>ipsorum</strong></span> <span class='ocrx_word' id='word_1_62' title='bbox 2653 1291 2726 1349; x_wconf 91' lang='lat' dir='ltr'><strong>et</strong></span> 
     </span>
     <span class='ocr_line' id='line_1_10' title="bbox 312 1385 2720 1469; baseline 0 -17"><span class='ocrx_word' id='word_1_63' title='bbox 312 1387 685 1454; x_wconf 87' lang='lat' dir='ltr'><strong>cuiuslibet</strong></span> <span class='ocrx_word' id='word_1_64' title='bbox 728 1405 811 1453; x_wconf 86' lang='lat' dir='ltr'><strong>ex</strong></span> <span class='ocrx_word' id='word_1_65' title='bbox 858 1387 959 1452; x_wconf 89' lang='lat' dir='ltr'><strong>eis</strong></span> <span class='ocrx_word' id='word_1_66' title='bbox 1020 1387 1281 1469; x_wconf 80' lang='lat' dir='ltr'><strong>regales</strong></span> <span class='ocrx_word' id='word_1_67' title='bbox 1326 1394 1399 1453; x_wconf 91' lang='lat' dir='ltr'><strong>et</strong></span> <span class='ocrx_word' id='word_1_68' title='bbox 1443 1389 1597 1456; x_wconf 92' lang='lat' dir='ltr'><strong>boni</strong></span> <span class='ocrx_word' id='word_1_69' title='bbox 1644 1391 1852 1469; x_wconf 80' lang='lat' dir='ltr'><strong>atque</strong></span> <span class='ocrx_word' id='word_1_70' title='bbox 1899 1385 2182 1469; x_wconf 87' lang='lat' dir='ltr'><strong>perfecti</strong></span> <span class='ocrx_word' id='word_1_71' title='bbox 2231 1388 2426 1454; x_wconf 90' lang='lat' dir='ltr'><strong>amici</strong></span> <span class='ocrx_word' id='word_1_72' title='bbox 2473 1387 2720 1453; x_wconf 86' lang='lat' dir='ltr'><strong>erimus</strong></span> 
     </span>
     <span class='ocr_line' id='line_1_11' title="bbox 316 1491 2722 1576; baseline 0 -20"><span class='ocrx_word' id='word_1_73' title='bbox 316 1495 393 1556; x_wconf 86' lang='lat' dir='ltr'><strong>et</strong></span> <span class='ocrx_word' id='word_1_74' title='bbox 444 1492 779 1573; x_wconf 84' lang='lat' dir='ltr'><strong>honorem,</strong></span> <span class='ocrx_word' id='word_1_75' title='bbox 844 1493 1115 1558; x_wconf 89' lang='lat' dir='ltr'><strong>uberem</strong></span> <span class='ocrx_word' id='word_1_76' title='bbox 1171 1498 1439 1576; x_wconf 85' lang='lat' dir='ltr'><strong>statum,</strong></span> <span class='ocrx_word' id='word_1_77' title='bbox 1501 1494 1910 1560; x_wconf 91' lang='lat' dir='ltr'><strong>commodum</strong></span> <span class='ocrx_word' id='word_1_78' title='bbox 1955 1499 2026 1558; x_wconf 89' lang='lat' dir='ltr'><strong>et</strong></span> <span class='ocrx_word' id='word_1_79' title='bbox 2069 1491 2436 1575; x_wconf 85' lang='lat' dir='ltr'><strong>profectum</strong></span> <span class='ocrx_word' id='word_1_80' title='bbox 2498 1509 2722 1558; x_wconf 87' lang='lat' dir='ltr'><strong>eorum</strong></span> 
     </span>
     <span class='ocr_line' id='line_1_12' title="bbox 316 1596 2719 1681; baseline 0 -19"><span class='ocrx_word' id='word_1_81' title='bbox 316 1613 591 1678; x_wconf 88' lang='lat' dir='ltr'><strong>semper</strong></span> <span class='ocrx_word' id='word_1_82' title='bbox 635 1597 1165 1678; x_wconf 84' lang='lat' dir='ltr'><strong>promovebimus</strong></span> <span class='ocrx_word' id='word_1_83' title='bbox 1219 1597 1517 1664; x_wconf 86' lang='lat' dir='ltr'><strong>omnibus</strong></span> <span class='ocrx_word' id='word_1_84' title='bbox 1578 1599 1810 1680; x_wconf 62' lang='lat' dir='ltr'><strong>modia</strong></span> <span class='ocrx_word' id='word_1_85' title='bbox 1872 1596 2224 1681; x_wconf 82' lang='lat' dir='ltr'><strong>adjutoriis</strong></span> <span class='ocrx_word' id='word_1_86' title='bbox 2288 1606 2357 1662; x_wconf 85' lang='lat' dir='ltr'><strong>et</strong></span> <span class='ocrx_word' id='word_1_87' title='bbox 2417 1596 2719 1680; x_wconf 82' lang='lat' dir='ltr'><strong>ingeniis,</strong></span> 
     </span>
     <span class='ocr_line' id='line_1_13' title="bbox 314 1700 2720 1784; baseline 0.001 -20"><span class='ocrx_word' id='word_1_88' title='bbox 314 1701 507 1767; x_wconf 86' lang='lat' dir='ltr'><strong>sicut</strong></span> <span class='ocrx_word' id='word_1_89' title='bbox 544 1717 829 1780; x_wconf 88' lang='lat' dir='ltr'><strong>unquam</strong></span> <span class='ocrx_word' id='word_1_90' title='bbox 862 1700 1096 1766; x_wconf 90' lang='lat' dir='ltr'><strong>melius</strong></span> <span class='ocrx_word' id='word_1_91' title='bbox 1130 1701 1513 1784; x_wconf 78' lang='lat' dir='ltr'><strong>poterimus,</strong></span> <span class='ocrx_word' id='word_1_92' title='bbox 1544 1720 1625 1768; x_wconf 93' lang='lat' dir='ltr'><strong>ac</strong></span> <span class='ocrx_word' id='word_1_93' title='bbox 1651 1702 2039 1769; x_wconf 87' lang='lat' dir='ltr'><strong>universum</strong></span> <span class='ocrx_word' id='word_1_94' title='bbox 2071 1704 2378 1768; x_wconf 88' lang='lat' dir='ltr'><strong>damnum</strong></span> <span class='ocrx_word' id='word_1_95' title='bbox 2410 1700 2720 1784; x_wconf 89' lang='lat' dir='ltr'><strong>ipsorum,</strong></span> 
     </span>
     <span class='ocr_line' id='line_1_14' title="bbox 316 1805 2720 1889; baseline -0 -18"><span class='ocrx_word' id='word_1_96' title='bbox 316 1806 498 1886; x_wconf 88' lang='lat' dir='ltr'><strong>quod</strong></span> <span class='ocrx_word' id='word_1_97' title='bbox 566 1805 666 1871; x_wconf 88' lang='lat' dir='ltr'><strong>eis</strong></span> <span class='ocrx_word' id='word_1_98' title='bbox 710 1805 780 1871; x_wconf 88' lang='lat' dir='ltr'><strong>in</strong></span> <span class='ocrx_word' id='word_1_99' title='bbox 828 1806 1150 1889; x_wconf 83' lang='lat' dir='ltr'><strong>personis,</strong></span> <span class='ocrx_word' id='word_1_100' title='bbox 1213 1806 1463 1872; x_wconf 88' lang='lat' dir='ltr'><strong>honore</strong></span> <span class='ocrx_word' id='word_1_101' title='bbox 1527 1807 1631 1872; x_wconf 90' lang='lat' dir='ltr'><strong>vel</strong></span> <span class='ocrx_word' id='word_1_102' title='bbox 1695 1808 1896 1873; x_wconf 89' lang='lat' dir='ltr'><strong>rebus</strong></span> <span class='ocrx_word' id='word_1_103' title='bbox 1945 1805 2226 1888; x_wconf 81' lang='lat' dir='ltr'><strong>irrogari</strong></span> <span class='ocrx_word' id='word_1_104' title='bbox 2271 1811 2520 1888; x_wconf 84' lang='lat' dir='ltr'><strong>posset,</strong></span> <span class='ocrx_word' id='word_1_105' title='bbox 2565 1807 2720 1871; x_wconf 86' lang='lat' dir='ltr'><strong>dum</strong></span> 
     </span>
    </p>
   </div>
   <div class='ocr_carea' id='block_1_3' title="bbox 318 1908 2812 1992">
    <p class='ocr_par' dir='ltr' id='par_1_3' title="bbox 318 1908 2812 1992">
     <span class='ocr_line' id='line_1_15' title="bbox 318 1908 2812 1992; baseline -0 -16"><span class='ocrx_word' id='word_1_106' title='bbox 318 1911 415 1976; x_wconf 82' lang='lat' dir='ltr'><strong>ad</strong></span> <span class='ocrx_word' id='word_1_107' title='bbox 460 1908 677 1976; x_wconf 88' lang='lat' dir='ltr'><strong>nostri</strong></span> <span class='ocrx_word' id='word_1_108' title='bbox 720 1908 1029 1975; x_wconf 79' lang='lat' dir='ltr'><strong>notitiam</strong></span> <span class='ocrx_word' id='word_1_109' title='bbox 1076 1910 1482 1992; x_wconf 83' lang='lat' dir='ltr'><strong>pervenerit,</strong></span> <span class='ocrx_word' id='word_1_110' title='bbox 1524 1910 1819 1977; x_wconf 88' lang='lat' dir='ltr'><strong>fideliter</strong></span> <span class='ocrx_word' id='word_1_111' title='bbox 1861 1915 2262 1992; x_wconf 79' lang='lat' dir='ltr'><strong>avertemuS,</strong></span> <span class='ocrx_word' id='word_1_112' title='bbox 2309 1909 2617 1991; x_wconf 89' lang='lat' dir='ltr'><strong>ipsosque</strong></span> <span class='ocrx_word' id='word_1_113' title='bbox 2650 1916 2720 1975; x_wconf 90' lang='lat' dir='ltr'><strong>et</strong></span> <span class='ocrx_word' id='word_1_114' title='bbox 2805 1951 2812 1956; x_wconf 86' lang='lat'><strong>·</strong></span> 
     </span>
    </p>
   </div>
   <div class='ocr_carea' id='block_1_4' title="bbox 306 2011 2794 4391">
    <p class='ocr_par' dir='ltr' id='par_1_4' title="bbox 311 2011 2720 3141">
     <span class='ocr_line' id='line_1_16' title="bbox 316 2011 2718 2094; baseline 0 -16"><span class='ocrx_word' id='word_1_115' title='bbox 316 2031 549 2079; x_wconf 85' lang='lat' dir='ltr'><strong>eorum</strong></span> <span class='ocrx_word' id='word_1_116' title='bbox 609 2013 973 2094; x_wconf 89' lang='lat' dir='ltr'><strong>quemlibet</strong></span> <span class='ocrx_word' id='word_1_117' title='bbox 1016 2015 1103 2080; x_wconf 88' lang='lat' dir='ltr'><strong>ad</strong></span> <span class='ocrx_word' id='word_1_118' title='bbox 1150 2015 1597 2081; x_wconf 78' lang='lat' dir='ltr'><strong>resistendum</strong></span> <span class='ocrx_word' id='word_1_119' title='bbox 1659 2014 1961 2081; x_wconf 89' lang='lat' dir='ltr'><strong>omnibus</strong></span> <span class='ocrx_word' id='word_1_120' title='bbox 2022 2031 2247 2080; x_wconf 86' lang='lat' dir='ltr'><strong>eorum</strong></span> <span class='ocrx_word' id='word_1_121' title='bbox 2307 2011 2718 2080; x_wconf 87' lang='lat' dir='ltr'><strong>adversariis</strong></span> 
     </span>
     <span class='ocr_line' id='line_1_17' title="bbox 316 2117 2720 2200; baseline 0 -16"><span class='ocrx_word' id='word_1_122' title='bbox 316 2127 393 2184; x_wconf 89' lang='lat' dir='ltr'><strong>et</strong></span> <span class='ocrx_word' id='word_1_123' title='bbox 446 2117 767 2200; x_wconf 78' lang='lat' dir='ltr'><strong>hostibuS,</strong></span> <span class='ocrx_word' id='word_1_124' title='bbox 814 2118 924 2198; x_wconf 90' lang='lat' dir='ltr'><strong>qui</strong></span> <span class='ocrx_word' id='word_1_125' title='bbox 970 2117 1137 2185; x_wconf 87' lang='lat' dir='ltr'><strong>talia</strong></span> <span class='ocrx_word' id='word_1_126' title='bbox 1197 2119 1439 2184; x_wconf 90' lang='lat' dir='ltr'><strong>damna</strong></span> <span class='ocrx_word' id='word_1_127' title='bbox 1497 2124 1734 2185; x_wconf 90' lang='lat' dir='ltr'><strong>contra</strong></span> <span class='ocrx_word' id='word_1_128' title='bbox 1795 2137 1908 2185; x_wconf 88' lang='lat' dir='ltr'><strong>eos</strong></span> <span class='ocrx_word' id='word_1_129' title='bbox 1967 2135 2088 2184; x_wconf 91' lang='lat' dir='ltr'><strong>seu</strong></span> <span class='ocrx_word' id='word_1_130' title='bbox 2146 2135 2370 2184; x_wconf 89' lang='lat' dir='ltr'><strong>eorum</strong></span> <span class='ocrx_word' id='word_1_131' title='bbox 2433 2119 2720 2184; x_wconf 88' lang='lat' dir='ltr'><strong>alterum</strong></span> 
     </span>
     <span class='ocr_line' id='line_1_18' title="bbox 316 2221 2715 2305; baseline 0.001 -19"><span class='ocrx_word' id='word_1_132' title='bbox 316 2221 389 2288; x_wconf 86' lang='lat' dir='ltr'><strong>in</strong></span> <span class='ocrx_word' id='word_1_133' title='bbox 439 2221 926 2305; x_wconf 80' lang='lat' dir='ltr'><strong>praejudicium</strong></span> <span class='ocrx_word' id='word_1_134' title='bbox 969 2222 1257 2304; x_wconf 76' lang='lat' dir='ltr'><strong>honoria,</strong></span> <span class='ocrx_word' id='word_1_135' title='bbox 1300 2227 1523 2288; x_wconf 86' lang='lat' dir='ltr'><strong>status</strong></span> <span class='ocrx_word' id='word_1_136' title='bbox 1570 2227 1640 2289; x_wconf 91' lang='lat' dir='ltr'><strong>et</strong></span> <span class='ocrx_word' id='word_1_137' title='bbox 1679 2222 2080 2298; x_wconf 86' lang='lat' dir='ltr'><strong>conditionis</strong></span> <span class='ocrx_word' id='word_1_138' title='bbox 2114 2239 2334 2289; x_wconf 88' lang='lat' dir='ltr'><strong>eorum</strong></span> <span class='ocrx_word' id='word_1_139' title='bbox 2367 2224 2715 2302; x_wconf 90' lang='lat' dir='ltr'><strong>quomodo·</strong></span> 
     </span>
     <span class='ocr_line' id='line_1_19' title="bbox 314 2325 2716 2410; baseline 0.001 -20"><span class='ocrx_word' id='word_1_140' title='bbox 314 2325 491 2392; x_wconf 89' lang='lat' dir='ltr'><strong>libet</strong></span> <span class='ocrx_word' id='word_1_141' title='bbox 536 2325 948 2408; x_wconf 90' lang='lat' dir='ltr'><strong>molirentur,</strong></span> <span class='ocrx_word' id='word_1_142' title='bbox 1001 2325 1317 2408; x_wconf 88' lang='lat' dir='ltr'><strong>ipsosque</strong></span> <span class='ocrx_word' id='word_1_143' title='bbox 1376 2327 1762 2408; x_wconf 86' lang='lat' dir='ltr'><strong>praedictos</strong></span> <span class='ocrx_word' id='word_1_144' title='bbox 1821 2327 2302 2410; x_wconf 80' lang='lat' dir='ltr'><strong>Imperatorem</strong></span> <span class='ocrx_word' id='word_1_145' title='bbox 2347 2331 2432 2392; x_wconf 88' lang='lat' dir='ltr'><strong>-et</strong></span> <span class='ocrx_word' id='word_1_146' title='bbox 2493 2344 2716 2408; x_wconf 82' lang='lat' dir='ltr'><strong>regem</strong></span> 
     </span>
     <span class='ocr_line' id='line_1_20' title="bbox 314 2428 2716 2515; baseline 0 -18"><span class='ocrx_word' id='word_1_147' title='bbox 314 2430 637 2498; x_wconf 88' lang='lat' dir='ltr'><strong>Boemiae</strong></span> <span class='ocrx_word' id='word_1_148' title='bbox 682 2428 1149 2513; x_wconf 72' lang='lat' dir='ltr'><strong>adjuvabimus</strong></span> <span class='ocrx_word' id='word_1_149' title='bbox 1204 2435 1277 2497; x_wconf 90' lang='lat' dir='ltr'><strong>et</strong></span> <span class='ocrx_word' id='word_1_150' title='bbox 1317 2429 1830 2499; x_wconf 88' lang='lat' dir='ltr'><strong>fortificabimus</strong></span> <span class='ocrx_word' id='word_1_151' title='bbox 1891 2437 2037 2499; x_wconf 89' lang='lat' dir='ltr'><strong>tota</strong></span> <span class='ocrx_word' id='word_1_152' title='bbox 2097 2437 2330 2499; x_wconf 89' lang='lat' dir='ltr'><strong>nostra</strong></span> <span class='ocrx_word' id='word_1_153' title='bbox 2393 2429 2716 2515; x_wconf 86' lang='lat' dir='ltr'><strong>potentia,</strong></span> 
     </span>
     <span class='ocr_line' id='line_1_21' title="bbox 315 2534 2715 2619; baseline 0.001 -18"><span class='ocrx_word' id='word_1_154' title='bbox 315 2534 619 2617; x_wconf 88' lang='lat' dir='ltr'><strong>consilio,</strong></span> <span class='ocrx_word' id='word_1_155' title='bbox 663 2535 910 2602; x_wconf 83' lang='lat' dir='ltr'><strong>auxilio</strong></span> <span class='ocrx_word' id='word_1_156' title='bbox 956 2540 1029 2601; x_wconf 87' lang='lat' dir='ltr'><strong>et</strong></span> <span class='ocrx_word' id='word_1_157' title='bbox 1072 2534 1201 2601; x_wconf 90' lang='lat' dir='ltr'><strong>alio</strong></span> <span class='ocrx_word' id='word_1_158' title='bbox 1250 2537 1441 2601; x_wconf 91' lang='lat' dir='ltr'><strong>modo</strong></span> <span class='ocrx_word' id='word_1_159' title='bbox 1474 2554 1601 2615; x_wconf 89' lang='lat' dir='ltr'><strong>quo</strong></span> <span class='ocrx_word' id='word_1_160' title='bbox 1635 2536 2002 2619; x_wconf 89' lang='lat' dir='ltr'><strong>poterimus</strong></span> <span class='ocrx_word' id='word_1_161' title='bbox 2031 2536 2307 2619; x_wconf 90' lang='lat' dir='ltr'><strong>meliori,</strong></span> <span class='ocrx_word' id='word_1_162' title='bbox 2339 2540 2408 2603; x_wconf 93' lang='lat' dir='ltr'><strong>et</strong></span> <span class='ocrx_word' id='word_1_163' title='bbox 2436 2536 2715 2603; x_wconf 84' lang='lat' dir='ltr'><strong>realiter</strong></span> 
     </span>
     <span class='ocr_line' id='line_1_22' title="bbox 314 2638 2713 2723; baseline 0.001 -18"><span class='ocrx_word' id='word_1_164' title='bbox 314 2650 391 2705; x_wconf 88' lang='lat' dir='ltr'><strong>et</strong></span> <span class='ocrx_word' id='word_1_165' title='bbox 438 2638 748 2705; x_wconf 87' lang='lat' dir='ltr'><strong>effective</strong></span> <span class='ocrx_word' id='word_1_166' title='bbox 794 2640 1299 2707; x_wconf 81' lang='lat' dir='ltr'><strong>adversabimur</strong></span> <span class='ocrx_word' id='word_1_167' title='bbox 1346 2645 1417 2705; x_wconf 91' lang='lat' dir='ltr'><strong>et</strong></span> <span class='ocrx_word' id='word_1_168' title='bbox 1462 2658 1869 2722; x_wconf 89' lang='lat' dir='ltr'><strong>opponemus</strong></span> <span class='ocrx_word' id='word_1_169' title='bbox 1915 2657 2037 2706; x_wconf 88' lang='lat' dir='ltr'><strong>nos</strong></span> <span class='ocrx_word' id='word_1_170' title='bbox 2082 2640 2382 2707; x_wconf 89' lang='lat' dir='ltr'><strong>omnibus</strong></span> <span class='ocrx_word' id='word_1_171' title='bbox 2422 2640 2713 2723; x_wconf 81' lang='lat' dir='ltr'><strong>regibus,</strong></span> 
     </span>
     <span class='ocr_line' id='line_1_23' title="bbox 313 2742 2708 2828; baseline 0.001 -19"><span class='ocrx_word' id='word_1_172' title='bbox 313 2742 732 2825; x_wconf 87' lang='lat' dir='ltr'><strong>principibus</strong></span> <span class='ocrx_word' id='word_1_173' title='bbox 758 2749 828 2809; x_wconf 88' lang='lat' dir='ltr'><strong>et</strong></span> <span class='ocrx_word' id='word_1_174' title='bbox 853 2742 1023 2827; x_wconf 86' lang='lat' dir='ltr'><strong>aliis,</strong></span> <span class='ocrx_word' id='word_1_175' title='bbox 1049 2744 1502 2825; x_wconf 86' lang='lat' dir='ltr'><strong>cuiuscunque</strong></span> <span class='ocrx_word' id='word_1_176' title='bbox 1527 2750 1768 2827; x_wconf 83' lang='lat' dir='ltr'><strong>statuS,</strong></span> <span class='ocrx_word' id='word_1_177' title='bbox 1793 2743 2194 2811; x_wconf 87' lang='lat' dir='ltr'><strong>eminentiae</strong></span> <span class='ocrx_word' id='word_1_178' title='bbox 2219 2752 2339 2811; x_wconf 89' lang='lat' dir='ltr'><strong>aut</strong></span> <span class='ocrx_word' id='word_1_179' title='bbox 2359 2743 2708 2828; x_wconf 84' lang='lat' dir='ltr'><strong>dignitatis</strong></span> 
     </span>
     <span class='ocr_line' id='line_1_24' title="bbox 311 2838 2710 2933; baseline 0.001 -20"><span class='ocrx_word' id='word_1_180' title='bbox 311 2838 637 2930; x_wconf 66' lang='lat' dir='ltr'><strong>eiistant,</strong></span> <span class='ocrx_word' id='word_1_181' title='bbox 682 2846 797 2928; x_wconf 86' lang='lat' dir='ltr'><strong>qui</strong></span> <span class='ocrx_word' id='word_1_182' title='bbox 841 2846 1136 2929; x_wconf 90' lang='lat' dir='ltr'><strong>ipsorum</strong></span> <span class='ocrx_word' id='word_1_183' title='bbox 1174 2847 1609 2930; x_wconf 89' lang='lat' dir='ltr'><strong>dispendium,</strong></span> <span class='ocrx_word' id='word_1_184' title='bbox 1663 2850 1995 2933; x_wconf 82' lang='lat' dir='ltr'><strong>jacturam</strong></span> <span class='ocrx_word' id='word_1_185' title='bbox 2059 2866 2175 2915; x_wconf 87' lang='lat' dir='ltr'><strong>seu</strong></span> <span class='ocrx_word' id='word_1_186' title='bbox 2239 2849 2710 2915; x_wconf 86' lang='lat' dir='ltr'><strong>verecundiam</strong></span> 
     </span>
     <span class='ocr_line' id='line_1_25' title="bbox 312 2950 2710 3035; baseline 0.002 -19"><span class='ocrx_word' id='word_1_187' title='bbox 312 2958 778 3035; x_wconf 82' lang='lat' dir='ltr'><strong>procurarent,</strong></span> <span class='ocrx_word' id='word_1_188' title='bbox 837 2958 907 3018; x_wconf 87' lang='lat' dir='ltr'><strong>et</strong></span> <span class='ocrx_word' id='word_1_189' title='bbox 967 2952 1299 3035; x_wconf 90' lang='lat' dir='ltr'><strong>honorem,</strong></span> <span class='ocrx_word' id='word_1_190' title='bbox 1361 2950 1730 3035; x_wconf 86' lang='lat' dir='ltr'><strong>profectum</strong></span> <span class='ocrx_word' id='word_1_191' title='bbox 1776 2958 1848 3018; x_wconf 91' lang='lat' dir='ltr'><strong>et</strong></span> <span class='ocrx_word' id='word_1_192' title='bbox 1895 2958 2144 3019; x_wconf 89' lang='lat' dir='ltr'><strong>statum</strong></span> <span class='ocrx_word' id='word_1_193' title='bbox 2204 2970 2430 3019; x_wconf 84' lang='lat' dir='ltr'><strong>eorum</strong></span> <span class='ocrx_word' id='word_1_194' title='bbox 2491 2958 2710 3020; x_wconf 89' lang='lat' dir='ltr'><strong>custo-</strong></span> 
     </span>
     <span class='ocr_line' id='line_1_26' title="bbox 314 3053 1443 3141; baseline 0.002 -20"><span class='ocrx_word' id='word_1_195' title='bbox 314 3053 577 3121; x_wconf 87' lang='lat' dir='ltr'><strong>diemus</strong></span> <span class='ocrx_word' id='word_1_196' title='bbox 622 3056 947 3140; x_wconf 82' lang='lat' dir='ltr'><strong>regaliter</strong></span> <span class='ocrx_word' id='word_1_197' title='bbox 982 3058 1180 3141; x_wconf 84' lang='lat' dir='ltr'><strong>juxta</strong></span> <span class='ocrx_word' id='word_1_198' title='bbox 1224 3074 1443 3139; x_wconf 88' lang='lat' dir='ltr'><strong>posse.</strong></span> 
     </span>
    </p>

    <p class='ocr_par' dir='ltr' id='par_1_5' title="bbox 306 3158 2794 4391">
     <span class='ocr_line' id='line_1_27' title="bbox 522 3158 2709 3243; baseline 0.002 -18"><span class='ocrx_word' id='word_1_199' title='bbox 522 3158 619 3226; x_wconf 86' lang='lat' dir='ltr'><strong>Et</strong></span> <span class='ocrx_word' id='word_1_200' title='bbox 664 3178 747 3229; x_wconf 90' lang='lat' dir='ltr'><strong>ne</strong></span> <span class='ocrx_word' id='word_1_201' title='bbox 808 3168 961 3243; x_wconf 89' lang='lat' dir='ltr'><strong>post</strong></span> <span class='ocrx_word' id='word_1_202' title='bbox 1019 3161 1390 3228; x_wconf 85' lang='lat' dir='ltr'><strong>amicabilis</strong></span> <span class='ocrx_word' id='word_1_203' title='bbox 1456 3162 1832 3229; x_wconf 88' lang='lat' dir='ltr'><strong>huiusmodi</strong></span> <span class='ocrx_word' id='word_1_204' title='bbox 1901 3162 2162 3228; x_wconf 89' lang='lat' dir='ltr'><strong>unionis</strong></span> <span class='ocrx_word' id='word_1_205' title='bbox 2233 3166 2304 3227; x_wconf 91' lang='lat' dir='ltr'><strong>et</strong></span> <span class='ocrx_word' id='word_1_206' title='bbox 2372 3160 2709 3230; x_wconf 84' lang='lat' dir='ltr'><strong>amicitiae</strong></span> 
     </span>
     <span class='ocr_line' id='line_1_28' title="bbox 312 3265 2707 3347; baseline 0.002 -19"><span class='ocrx_word' id='word_1_207' title='bbox 312 3269 576 3346; x_wconf 82' lang='lat' dir='ltr'><strong>gratam</strong></span> <span class='ocrx_word' id='word_1_208' title='bbox 638 3265 1059 3332; x_wconf 89' lang='lat' dir='ltr'><strong>concordiam</strong></span> <span class='ocrx_word' id='word_1_209' title='bbox 1126 3265 1389 3347; x_wconf 87' lang='lat' dir='ltr'><strong>aliquae</strong></span> <span class='ocrx_word' id='word_1_210' title='bbox 1460 3265 1844 3333; x_wconf 89' lang='lat' dir='ltr'><strong>dubietates</strong></span> <span class='ocrx_word' id='word_1_211' title='bbox 1916 3266 2094 3332; x_wconf 88' lang='lat' dir='ltr'><strong>inter</strong></span> <span class='ocrx_word' id='word_1_212' title='bbox 2160 3284 2282 3333; x_wconf 90' lang='lat' dir='ltr'><strong>nos</strong></span> <span class='ocrx_word' id='word_1_213' title='bbox 2351 3266 2707 3347; x_wconf 87' lang='lat' dir='ltr'><strong>utrobique</strong></span> 
     </span>
     <span class='ocr_line' id='line_1_29' title="bbox 313 3369 2705 3453; baseline 0.002 -20"><span class='ocrx_word' id='word_1_214' title='bbox 313 3385 711 3447; x_wconf 53' lang='lat' dir='ltr'><strong>quacunque</strong></span> <span class='ocrx_word' id='word_1_215' title='bbox 757 3369 1021 3435; x_wconf 86' lang='lat' dir='ltr'><strong>ratione</strong></span> <span class='ocrx_word' id='word_1_216' title='bbox 1068 3376 1478 3453; x_wconf 84' lang='lat' dir='ltr'><strong>consurgant</strong></span> <span class='ocrx_word' id='word_1_217' title='bbox 1523 3377 1595 3437; x_wconf 89' lang='lat' dir='ltr'><strong>et</strong></span> <span class='ocrx_word' id='word_1_218' title='bbox 1638 3377 1717 3438; x_wconf 86' lang='lat' dir='ltr'><strong>ut</strong></span> <span class='ocrx_word' id='word_1_219' title='bbox 1759 3370 2008 3437; x_wconf 85' lang='lat' dir='ltr'><strong>futuris</strong></span> <span class='ocrx_word' id='word_1_220' title='bbox 2057 3370 2392 3437; x_wconf 85' lang='lat' dir='ltr'><strong>scandalis</strong></span> <span class='ocrx_word' id='word_1_221' title='bbox 2440 3372 2553 3437; x_wconf 90' lang='lat' dir='ltr'><strong>via</strong></span> <span class='ocrx_word' id='word_1_222' title='bbox 2585 3390 2705 3437; x_wconf 91' lang='lat' dir='ltr'><strong>seu</strong></span> 
     </span>
     <span class='ocr_line' id='line_1_30' title="bbox 312 3472 2708 3559; baseline 0.002 -22"><span class='ocrx_word' id='word_1_223' title='bbox 312 3472 599 3538; x_wconf 87' lang='lat' dir='ltr'><strong>materia</strong></span> <span class='ocrx_word' id='word_1_224' title='bbox 661 3474 1154 3558; x_wconf 88' lang='lat' dir='ltr'><strong>praecludatur,</strong></span> <span class='ocrx_word' id='word_1_225' title='bbox 1215 3475 1697 3543; x_wconf 89' lang='lat' dir='ltr'><strong>deliberatione</strong></span> <span class='ocrx_word' id='word_1_226' title='bbox 1757 3483 2021 3542; x_wconf 87' lang='lat' dir='ltr'><strong>matura</strong></span> <span class='ocrx_word' id='word_1_227' title='bbox 2080 3475 2212 3541; x_wconf 88' lang='lat' dir='ltr'><strong>rite</strong></span> <span class='ocrx_word' id='word_1_228' title='bbox 2271 3474 2708 3559; x_wconf 85' lang='lat' dir='ltr'><strong>promisimus,</strong></span> 
     </span>
     <span class='ocr_line' id='line_1_31' title="bbox 310 3576 2703 3662; baseline 0.001 -21"><span class='ocrx_word' id='word_1_229' title='bbox 310 3576 633 3643; x_wconf 82' lang='lat' dir='ltr'><strong>videlicet</strong></span> <span class='ocrx_word' id='word_1_230' title='bbox 681 3578 853 3657; x_wconf 87' lang='lat' dir='ltr'><strong>quod</strong></span> <span class='ocrx_word' id='word_1_231' title='bbox 899 3596 1021 3644; x_wconf 91' lang='lat' dir='ltr'><strong>nos</strong></span> <span class='ocrx_word' id='word_1_232' title='bbox 1067 3596 1147 3643; x_wconf 88' lang='lat' dir='ltr'><strong>ac</strong></span> <span class='ocrx_word' id='word_1_233' title='bbox 1194 3578 1359 3645; x_wconf 90' lang='lat' dir='ltr'><strong>dicti</strong></span> <span class='ocrx_word' id='word_1_234' title='bbox 1403 3580 1618 3646; x_wconf 83' lang='lat' dir='ltr'><strong>nostri</strong></span> <span class='ocrx_word' id='word_1_235' title='bbox 1663 3579 1781 3647; x_wconf 88' lang='lat' dir='ltr'><strong>filii</strong></span> <span class='ocrx_word' id='word_1_236' title='bbox 1829 3585 1901 3645; x_wconf 86' lang='lat' dir='ltr'><strong>et</strong></span> <span class='ocrx_word' id='word_1_237' title='bbox 1931 3580 2215 3647; x_wconf 89' lang='lat' dir='ltr'><strong>heredes</strong></span> <span class='ocrx_word' id='word_1_238' title='bbox 2247 3580 2703 3662; x_wconf 88' lang='lat' dir='ltr'><strong>supradictum</strong></span> 
     </span>
     <span class='ocr_line' id='line_1_32' title="bbox 310 3679 2704 3768; baseline 0.002 -23"><span class='ocrx_word' id='word_1_239' title='bbox 310 3679 797 3762; x_wconf 88' lang='lat' dir='ltr'><strong>Imperatorem</strong></span> <span class='ocrx_word' id='word_1_240' title='bbox 840 3682 910 3747; x_wconf 92' lang='lat' dir='ltr'><strong>in</strong></span> <span class='ocrx_word' id='word_1_241' title='bbox 956 3684 1379 3764; x_wconf 88' lang='lat' dir='ltr'><strong>possessione</strong></span> <span class='ocrx_word' id='word_1_242' title='bbox 1428 3684 1714 3751; x_wconf 90' lang='lat' dir='ltr'><strong>omnium</strong></span> <span class='ocrx_word' id='word_1_243' title='bbox 1762 3688 1833 3750; x_wconf 84' lang='lat' dir='ltr'><strong>et</strong></span> <span class='ocrx_word' id='word_1_244' title='bbox 1877 3685 2305 3768; x_wconf 86' lang='lat' dir='ltr'><strong>singulorum,</strong></span> <span class='ocrx_word' id='word_1_245' title='bbox 2336 3684 2704 3767; x_wconf 86' lang='lat' dir='ltr'><strong>civitatum,</strong></span> 
     </span>
     <span class='ocr_line' id='line_1_33' title="bbox 310 3787 2704 3871; baseline 0.001 -20"><span class='ocrx_word' id='word_1_246' title='bbox 310 3788 665 3862; x_wconf 83' lang='lat' dir='ltr'><strong>terrarum,</strong></span> <span class='ocrx_word' id='word_1_247' title='bbox 711 3791 1099 3870; x_wconf 88' lang='lat' dir='ltr'><strong>castrorum,</strong></span> <span class='ocrx_word' id='word_1_248' title='bbox 1135 3788 1694 3871; x_wconf 88' lang='lat' dir='ltr'><strong>jurisdictionum,</strong></span> <span class='ocrx_word' id='word_1_249' title='bbox 1740 3790 2194 3871; x_wconf 87' lang='lat' dir='ltr'><strong>dominiorum,</strong></span> <span class='ocrx_word' id='word_1_250' title='bbox 2225 3787 2704 3871; x_wconf 89' lang='lat' dir='ltr'><strong>pertinentium</strong></span> 
     </span>
     <span class='ocr_line' id='line_1_34' title="bbox 312 3888 2705 3977; baseline 0.003 -24"><span class='ocrx_word' id='word_1_251' title='bbox 312 3895 380 3953; x_wconf 91' lang='lat' dir='ltr'><strong>et</strong></span> <span class='ocrx_word' id='word_1_252' title='bbox 420 3888 667 3972; x_wconf 89' lang='lat' dir='ltr'><strong>jurium</strong></span> <span class='ocrx_word' id='word_1_253' title='bbox 727 3891 813 3956; x_wconf 89' lang='lat' dir='ltr'><strong>ad</strong></span> <span class='ocrx_word' id='word_1_254' title='bbox 867 3890 1209 3973; x_wconf 87' lang='lat' dir='ltr'><strong>imperium</strong></span> <span class='ocrx_word' id='word_1_255' title='bbox 1271 3892 1635 3959; x_wconf 87' lang='lat' dir='ltr'><strong>Romanum</strong></span> <span class='ocrx_word' id='word_1_256' title='bbox 1698 3892 2192 3974; x_wconf 87' lang='lat' dir='ltr'><strong>quomodolibet</strong></span> <span class='ocrx_word' id='word_1_257' title='bbox 2236 3892 2705 3977; x_wconf 88' lang='lat' dir='ltr'><strong>spectantium,</strong></span> 
     </span>
     <span class='ocr_line' id='line_1_35' title="bbox 308 3993 2794 4085; baseline 0.002 -26"><span class='ocrx_word' id='word_1_258' title='bbox 308 3993 689 4073; x_wconf 88' lang='lat' dir='ltr'><strong>ubicunque</strong></span> <span class='ocrx_word' id='word_1_259' title='bbox 734 3994 906 4060; x_wconf 90' lang='lat' dir='ltr'><strong>talia</strong></span> <span class='ocrx_word' id='word_1_260' title='bbox 947 3994 1203 4062; x_wconf 85' lang='lat' dir='ltr'><strong>fuerint</strong></span> <span class='ocrx_word' id='word_1_261' title='bbox 1246 3996 1634 4079; x_wconf 87' lang='lat' dir='ltr'><strong>constituta,</strong></span> <span class='ocrx_word' id='word_1_262' title='bbox 1684 4015 1814 4063; x_wconf 88' lang='lat' dir='ltr'><strong>non</strong></span> <span class='ocrx_word' id='word_1_263' title='bbox 1865 3996 2296 4080; x_wconf 89' lang='lat' dir='ltr'><strong>impediemus</strong></span> <span class='ocrx_word' id='word_1_264' title='bbox 2353 4004 2472 4064; x_wconf 90' lang='lat' dir='ltr'><strong>aut</strong></span> <span class='ocrx_word' id='word_1_265' title='bbox 2517 3998 2704 4064; x_wconf 87' lang='lat' dir='ltr'><strong>inva-</strong></span> <span class='ocrx_word' id='word_1_266' title='bbox 2785 4074 2794 4085; x_wconf 47' lang='lat'>‚</span> 
     </span>
     <span class='ocr_line' id='line_1_36' title="bbox 306 4098 2704 4185; baseline 0.003 -24"><span class='ocrx_word' id='word_1_267' title='bbox 306 4098 561 4179; x_wconf 89' lang='lat' dir='ltr'><strong>demus,</strong></span> <span class='ocrx_word' id='word_1_268' title='bbox 630 4114 747 4163; x_wconf 82' lang='lat' dir='ltr'><strong>seu</strong></span> <span class='ocrx_word' id='word_1_269' title='bbox 813 4099 895 4164; x_wconf 90' lang='lat' dir='ltr'><strong>de</strong></span> <span class='ocrx_word' id='word_1_270' title='bbox 956 4098 1203 4165; x_wconf 91' lang='lat' dir='ltr'><strong>talibus</strong></span> <span class='ocrx_word' id='word_1_271' title='bbox 1274 4100 1639 4183; x_wconf 86' lang='lat' dir='ltr'><strong>praedictis</strong></span> <span class='ocrx_word' id='word_1_272' title='bbox 1700 4100 1964 4185; x_wconf 85' lang='lat' dir='ltr'><strong>juribus</strong></span> <span class='ocrx_word' id='word_1_273' title='bbox 2035 4106 2104 4167; x_wconf 89' lang='lat' dir='ltr'><strong>et</strong></span> <span class='ocrx_word' id='word_1_274' title='bbox 2150 4099 2704 4184; x_wconf 88' lang='lat' dir='ltr'><strong>possessionibus,</strong></span> 
     </span>
     <span class='ocr_line' id='line_1_37' title="bbox 306 4199 2703 4287; baseline 0.003 -21"><span class='ocrx_word' id='word_1_275' title='bbox 306 4199 488 4267; x_wconf 84' lang='lat' dir='ltr'><strong>sicut</strong></span> <span class='ocrx_word' id='word_1_276' title='bbox 562 4200 1023 4282; x_wconf 83' lang='lat' dir='ltr'><strong>exprimuntur</strong></span> <span class='ocrx_word' id='word_1_277' title='bbox 1094 4204 1420 4285; x_wconf 76' lang='lat' dir='ltr'><strong>superiuS,</strong></span> <span class='ocrx_word' id='word_1_278' title='bbox 1487 4223 1609 4270; x_wconf 90' lang='lat' dir='ltr'><strong>nos</strong></span> <span class='ocrx_word' id='word_1_279' title='bbox 1678 4204 2215 4286; x_wconf 80' lang='lat' dir='ltr'><strong>intromittemuS,</strong></span> <span class='ocrx_word' id='word_1_280' title='bbox 2281 4204 2392 4268; x_wconf 88' lang='lat' dir='ltr'><strong>vel</strong></span> <span class='ocrx_word' id='word_1_281' title='bbox 2452 4204 2703 4287; x_wconf 87' lang='lat' dir='ltr'><strong>invadi,</strong></span> 
     </span>
     <span class='ocr_line' id='line_1_38' title="bbox 306 4303 2699 4391; baseline 0.002 -20"><span class='ocrx_word' id='word_1_282' title='bbox 306 4303 653 4371; x_wconf 89' lang='lat' dir='ltr'><strong>molestari</strong></span> <span class='ocrx_word' id='word_1_283' title='bbox 696 4310 813 4370; x_wconf 88' lang='lat' dir='ltr'><strong>aut</strong></span> <span class='ocrx_word' id='word_1_284' title='bbox 856 4322 929 4371; x_wconf 90' lang='lat' dir='ltr'><strong>se</strong></span> <span class='ocrx_word' id='word_1_285' title='bbox 978 4308 1059 4372; x_wconf 88' lang='lat' dir='ltr'><strong>de</strong></span> <span class='ocrx_word' id='word_1_286' title='bbox 1106 4306 1208 4371; x_wconf 88' lang='lat' dir='ltr'><strong>his</strong></span> <span class='ocrx_word' id='word_1_287' title='bbox 1264 4308 1623 4375; x_wconf 90' lang='lat' dir='ltr'><strong>intromitti</strong></span> <span class='ocrx_word' id='word_1_288' title='bbox 1692 4309 2189 4391; x_wconf 88' lang='lat' dir='ltr'><strong>constituemus,</strong></span> <span class='ocrx_word' id='word_1_289' title='bbox 2251 4306 2585 4391; x_wconf 85' lang='lat' dir='ltr'><strong>patiemur</strong></span> <span class='ocrx_word' id='word_1_290' title='bbox 2629 4316 2699 4376; x_wconf 91' lang='lat' dir='ltr'><strong>et</strong></span> 
     </span>
    </p>
   </div>
   <div class='ocr_carea' id='block_1_5' title="bbox 2389 4446 2488 4504">
    <p class='ocr_par' dir='ltr' id='par_1_6' title="bbox 2389 4446 2488 4504">
     <span class='ocr_line' id='line_1_39' title="bbox 2389 4446 2488 4504; baseline 0 0"><span class='ocrx_word' id='word_1_291' title='bbox 2389 4446 2488 4504; x_wconf 78' lang='lat'><strong>26*</strong></span> 
     </span>
    </p>
   </div>
  </div>
 </body>
</html>
