3288 4973
1366 316 1752 376 -433—

352 532 485 579 non
530 514 783 597 existit,
829 515 1212 582 habuerunt
1258 517 1571 584 continuo
1618 517 1890 598 habent,
1939 523 2008 585 et
2052 519 2302 586 habere
2349 520 2599 586 debent
2631 519 2740 602 jus

354 623 424 682 et
472 636 701 684 vocem
747 619 941 700 plene
989 623 1059 684 et
1105 620 1471 686 omnimode
1516 623 1602 688 ad
1648 621 1866 688 instar
1910 623 2124 689 nostri
2169 627 2240 689 et
2277 623 2554 690 aliorum
2591 641 2741 688 con-

352 721 741 805 principum,
789 725 1232 791 coelectorum
1280 732 1350 792 et
1395 725 1795 807 collegarum
1841 731 2236 804 nostrorum,
2290 735 2422 794 tam
2470 727 2739 809 spiritu-

349 824 557 890 alium
602 845 800 906 quam
844 829 1307 912 saecularium,
1354 831 1421 896 in
1467 830 1796 896 electione
1843 831 2126 897 Romani
2171 831 2348 914 regis
2407 834 2496 898 ad
2540 833 2739 915 impe-

350 929 525 996 rium
572 935 1019 1014 promovendi,
1077 935 1175 999 ita
1224 934 1557 1018 videlicet,
1618 939 1696 1000 ut
1755 935 2282 1016 quotiescunque
2341 953 2538 1002 casus
2583 937 2740 1004 talis

349 1032 703 1100 electionis
726 1037 1091 1119 emerserit,
1116 1037 1581 1106 serenissimus
1606 1038 1909 1104 dominus
1932 1039 2266 1121 princeps,
2291 1040 2352 1104 d.
2372 1057 2492 1106 rex
2510 1041 2605 1124 B.,
2626 1041 2740 1121 qui

347 1156 473 1218 pro
510 1143 808 1222 tempore
839 1141 1063 1224 fuerit,
1094 1143 1179 1208 ad
1214 1141 1728 1208 celebrationem
1763 1141 2112 1210 electionis
2144 1141 2323 1210 illius
2355 1144 2742 1212 solemniter

344 1243 581 1308 vocari
625 1245 870 1311 debeat
917 1254 986 1312 et
1031 1247 1099 1312 in
1144 1248 1295 1328 ipsa
1340 1247 1670 1313 electione
1717 1247 2018 1314 omnibus
2068 1246 2324 1312 viribus
2373 1247 2529 1329 suiS,
2573 1266 2735 1315 voce

344 1345 666 1414 videlicet
711 1361 782 1414 et
826 1351 968 1417 loco
1014 1354 1086 1416 et
1130 1351 1281 1418 aliis
1328 1350 1736 1432 quibuslibet
1781 1353 1866 1416 ad
1916 1352 2038 1416 hoc
2083 1352 2566 1434 spectantibus,
2613 1371 2733 1434 per

342 1466 419 1514 se
468 1451 577 1518 vel
626 1457 895 1520 nuntios
934 1455 1265 1538 legitimos
1298 1463 1370 1520 et
1400 1457 1896 1522 ambassatores
1929 1473 2103 1535 suos
2156 1456 2242 1520 ad
2273 1454 2489 1520 instar
2519 1455 2736 1521 nostri

342 1562 419 1620 et
465 1559 751 1624 omnium
818 1558 1093 1627 aliorum
1150 1561 1665 1644 conprincipum,
1727 1562 2172 1632 coelectorum
2216 1565 2287 1625 et
2332 1559 2735 1640 collegarum

341 1666 740 1740 nostrorum,
786 1670 923 1729 tam
991 1664 1435 1745 spiritualium
1505 1683 1699 1744 quam
1768 1664 2227 1746 saecularium,
2289 1664 2399 1744 qui
2461 1669 2617 1730 sunt
2664 1671 2733 1729 et

338 1762 594 1831 fuerint
642 1786 761 1847 pro
806 1771 1123 1850 tempore,
1168 1768 1346 1835 sicut
1390 1767 1867 1850 praemittitur,
1913 1769 1982 1833 in
2030 1767 2203 1834 omni
2249 1768 2635 1832 reverentia
2667 1774 2737 1831 et

340 1873 592 1938 honore
638 1874 945 1954 gaudere,
994 1872 1169 1937 sicut
1216 1875 1298 1938 de
1338 1873 1490 1952 jure
1537 1878 1607 1938 et
1649 1889 1830 1938 more
1877 1871 2054 1938 sacri
2091 1870 2364 1953 Imperii
2397 1869 2735 1953 principes

341 1975 675 2043 electores
746 1975 998 2043 talibus
1063 1975 1223 2044 freti
1290 1981 1449 2042 sunt
1509 1977 1918 2058 temporibus
1978 1974 2354 2041 retroactis.
2412 1974 2735 2059 Quodque

338 2080 687 2162 praefatus
732 2079 1197 2147 serenissimus
1245 2081 1575 2163 princeps
1623 2081 1921 2147 dominus
1961 2097 2079 2146 rex
2116 2078 2208 2162 B,
2239 2077 2414 2144 sacri
2447 2079 2731 2144 Romani

334 2185 599 2267 imperii
664 2180 1173 2266 archipincerna
1237 2185 1549 2252 consistit
1606 2203 1687 2250 ac
1752 2183 2377 2266 archipincernatus
2439 2181 2726 2249 officium

334 2308 559 2355 coram
591 2289 1005 2372 Imperatore
1036 2289 1146 2355 vel
1178 2307 1339 2373 rege
1368 2289 1809 2357 Romanorum
1839 2287 1907 2354 in
1941 2287 2342 2353 solemnibus
2377 2285 2580 2352 curiis
2606 2289 2727 2352 sub

338 2411 587 2460 corona
630 2394 843 2476 regali
888 2412 1204 2460 exercere
1250 2412 1381 2460 non
1426 2395 1626 2460 debet
1677 2411 1890 2472 neque
1951 2397 2222 2458 tenetur
2277 2391 2364 2457 ad
2409 2391 2550 2471 hoc,
2596 2387 2730 2457 nisi

332 2499 503 2566 illud
534 2499 702 2565 velit
732 2499 958 2566 facere
989 2504 1359 2582 spontanea
1392 2498 1772 2579 voluntate3
1797 2497 2046 2580 poterit
2068 2504 2292 2562 tamen
2311 2496 2505 2579 juxta
2529 2498 2730 2561 bene-

334 2603 653 2687 placitum
692 2602 763 2669 in
796 2604 1181 2685 praesentia
1210 2602 1648 2685 Imperatoris
1681 2602 1789 2668 vel
1821 2620 2050 2686 regum
2082 2601 2548 2681 Romanorum,
2573 2602 2726 2665 dum

332 2708 665 2773 solemnes
711 2708 933 2774 curias
976 2708 1348 2775 huiusmodi
1396 2706 1724 2774 celebrari
1757 2706 2131 2789 contigerit,
2164 2705 2584 2788 procedendo
2621 2704 2729 2770 vel

333 2813 627 2878 sedendo
658 2812 768 2877 vel
800 2813 1041 2879 stando
1066 2812 1359 2896 regalem
1385 2820 1658 2895 gestare
1684 2830 2009 2894 coronam,
2035 2810 2208 2877 sicut
2231 2811 2356 2876 hoc
2379 2807 2728 2874 serenissi-

331 2933 585 2981 morum
601 2913 992 2997 principum,
1006 2915 1413 2980 dominorum
1429 2916 1617 2997 regni
1631 2914 1724 2999 B.,
1735 2914 2232 2997 progenitorum
2249 2918 2318 2979 et
2334 2915 2727 2994 praedeces-

330 3037 555 3087 sorum
585 3018 828 3103 ipsiuS‚.
848 3021 1258 3085 consuetudo
1290 3018 1646 3086 laudabilis
1679 3020 1760 3084 ab
1795 3018 1948 3085 olim
1979 3018 2276 3084 noscitur
2308 3020 2727 3084 observasse.

542 3122 623 3189 In
668 3124 856 3189 cuius
902 3124 1000 3189 rei
1056 3129 1183 3191 etc.

542 3226 787 3294 Datum
834 3226 1036 3293 Metis
1083 3244 1256 3292 anno
1301 3225 1379 3290 D.
1433 3231 1617 3307 1356,
1677 3224 2000 3291 dominico
2057 3224 2164 3289 die
2213 3222 2509 3304 proximo
2558 3227 2718 3288 ante

329 3330 577 3397 festum
620 3333 863 3400 beatae
908 3330 1161 3398 Luciae
1211 3330 1507 3412 virginis.

540 3433 837 3488 Ostatnich
899 3432 1040 3487 sesti
1100 3432 1416 3487 korferstov
1476 3431 1774 3497 svetskffch
1820 3430 1841 3483 i
1888 3430 2237 3483 duchovnich
2300 3428 2572 3493 nemecky
2619 3427 2722 3481 list

325 3535 360 3576 v
394 3524 494 3576 tu
532 3520 689 3575 slova
715 3520 855 3591 ‚iako
890 3520 1102 3588 napi-ed
1138 3524 1331 3590 psany,
1371 3520 1390 3573 i
1428 3520 1619 3575 datum
1656 3519 1822 3572 telios
1856 3518 1997 3571 leta.

537 3608 661 3694 (A.
708 3606 805 3677 K.
852 3644 938 3657 --
982 3608 1175 3673 Arch.
1220 3605 1287 3673 S.
1342 3606 1544 3671 Wenc.
1576 3643 1660 3653 —
1697 3604 1941 3668 Balbin
1970 3603 2155 3668 Misc.
2201 3602 2375 3671 VIII.
2396 3624 2471 3686 p,
2503 3604 2604 3666 69.
2639 3639 2724 3651 —-

333 3712 595 3776 Brandl
639 3712 755 3796 IX,
786 3712 925 3794 41.)

532 3870 689 3937 408.
736 3866 1135 3953 Principes
1168 3865 1543 3936 electores
1577 3863 1823 3933 denuo
1857 3861 2346 3935 consentiunt
2374 3862 2719 3948 incorpo-

323 3970 614 4041 rationi
683 3974 1113 4041 castrorum
1179 3974 1258 4039 et
1327 3967 1778 4057 oppidorum
1847 3968 1928 4036 in
1985 3966 2341 4050 Bavaria‚
2386 3964 2713 4036 inclusis

324 4074 609 4146 castris
654 4073 1075 4160 Neidstein‚
1124 4072 1579 4143 Wildenfels
1626 4076 1705 4141 et
1752 4070 2327 4157 Schellenberg.

935 4190 1130 4271 1356,
1177 4191 1241 4256 1.
1290 4184 1754 4256 Decembris.
1805 4182 2114 4271 (Metis.)

532 4297 763 4355 Listove
799 4300 1170 4367 korferstuov,
1210 4300 1362 4354 kteiu‘
1390 4298 1752 4368 jednostajne
1787 4296 2052 4365 privoluji
2091 4312 2125 4349 a
2159 4295 2442 4365 potvrzuji
2494 4295 2722 4364 prodaje

325 4405 359 4442 a
396 4388 615 4457 spojeni
650 4388 939 4457 zamkuov,
977 4388 1123 4440 mest
1158 4402 1193 4440 a
1228 4388 1510 4440 mestecek
1564 4387 1621 4455 (v
1663 4384 1960 4453 Bavorich)
2003 4384 2042 4436 k
2079 4384 2392 4437 kralovstvi
2442 4384 2718 4437 ceskemu.

534 4474 655 4557 (A.
702 4474 798 4545 K.
844 4512 931 4524 --
978 4474 1172 4542 Arch.
1220 4472 1287 4541 S.
1350 4474 1547 4537 Wenc.
1602 4510 1684 4521 —
1731 4469 1834 4557 Cf.
1878 4494 1938 4539 n.
1986 4470 2164 4558 381.)

432 4612 583 4654 Codex
614 4614 692 4662 jur.
726 4612 824 4655 boh.
860 4612 916 4655 11.
948 4618 983 4653 1.
2447 4593 2513 4644 28
