<?xml version="1.0" encoding="UTF-8"?>
<!DOCTYPE html PUBLIC "-//W3C//DTD XHTML 1.0 Transitional//EN"
    "http://www.w3.org/TR/xhtml1/DTD/xhtml1-transitional.dtd">
<html xmlns="http://www.w3.org/1999/xhtml" xml:lang="en" lang="en">
 <head>
  <title>
</title>
<meta http-equiv="Content-Type" content="text/html;charset=utf-8" />
  <meta name='ocr-system' content='tesseract 3.04.00' />
  <meta name='ocr-capabilities' content='ocr_page ocr_carea ocr_par ocr_line ocrx_word'/>
</head>
<body>
  <div class='ocr_page' id='page_1' title='image "./codexjurisbohem00bohegoog_0047.png"; bbox 0 0 3288 4973; ppageno 0'>
   <div class='ocr_carea' id='block_1_1' title="bbox 1452 354 1800 414">
    <p class='ocr_par' dir='ltr' id='par_1_1' title="bbox 1452 354 1800 414">
     <span class='ocr_line' id='line_1_1' title="bbox 1452 354 1800 414; baseline 0.006 -19"><span class='ocrx_word' id='word_1_1' title='bbox 1452 354 1800 414; x_wconf 72' lang='grc'><strong>...33-</strong></span> 
     </span>
    </p>
   </div>
   <div class='ocr_carea' id='block_1_2' title="bbox 418 553 2811 969">
    <p class='ocr_par' dir='ltr' id='par_1_2' title="bbox 418 553 2811 969">
     <span class='ocr_line' id='line_1_2' title="bbox 419 553 2811 647; baseline 0.002 -22"><span class='ocrx_word' id='word_1_2' title='bbox 419 556 612 627; x_wconf 84' lang='lat' dir='ltr'><strong>velit</strong></span> <span class='ocrx_word' id='word_1_3' title='bbox 655 558 734 627; x_wconf 89' lang='lat' dir='ltr'><strong>et</strong></span> <span class='ocrx_word' id='word_1_4' title='bbox 775 556 1016 627; x_wconf 80' lang='lat' dir='ltr'><strong>eidem</strong></span> <span class='ocrx_word' id='word_1_5' title='bbox 1062 553 1382 627; x_wconf 86' lang='lat' dir='ltr'><strong>Pothoni</strong></span> <span class='ocrx_word' id='word_1_6' title='bbox 1427 576 1476 626; x_wconf 82' lang='lat' dir='ltr'><strong>a</strong></span> <span class='ocrx_word' id='word_1_7' title='bbox 1517 555 1570 629; x_wconf 88' lang='lat' dir='ltr'><strong>J</strong></span> <span class='ocrx_word' id='word_1_8' title='bbox 1571 574 1810 628; x_wconf 81' lang='lat' dir='ltr'><strong>caune</strong></span> <span class='ocrx_word' id='word_1_9' title='bbox 1864 574 2048 642; x_wconf 81' lang='lat' dir='ltr'><strong>rege</strong></span> <span class='ocrx_word' id='word_1_10' title='bbox 2111 556 2405 629; x_wconf 86' lang='lat' dir='ltr'><strong>nomine</strong></span> <span class='ocrx_word' id='word_1_11' title='bbox 2464 558 2811 647; x_wconf 85' lang='lat' dir='ltr'><strong>pignoris</strong></span> 
     </span>
     <span class='ocr_line' id='line_1_3' title="bbox 418 660 1871 751; baseline -0.001 -18"><span class='ocrx_word' id='word_1_12' title='bbox 418 661 790 751; x_wconf 71' lang='lat' dir='ltr'><strong>obligatio</strong></span> <span class='ocrx_word' id='word_1_13' title='bbox 837 660 1094 751; x_wconf 80' lang='lat' dir='ltr'><strong>oppidi</strong></span> <span class='ocrx_word' id='word_1_14' title='bbox 1141 660 1322 732; x_wconf 81' lang='lat' dir='ltr'><strong>Hoff</strong></span> <span class='ocrx_word' id='word_1_15' title='bbox 1359 660 1456 749; x_wconf 89' lang='lat' dir='ltr'><strong>(D</strong></span> <span class='ocrx_word' id='word_1_16' title='bbox 1464 664 1683 749; x_wconf 85' lang='lat' dir='ltr'><strong>vuor)</strong></span> <span class='ocrx_word' id='word_1_17' title='bbox 1731 662 1871 733; x_wconf 84' lang='lat' dir='ltr'><strong>etc.</strong></span> 
     </span>
     <span class='ocr_line' id='line_1_4' title="bbox 1310 764 1947 855; baseline 0.003 -20"><span class='ocrx_word' id='word_1_18' title='bbox 1310 764 1540 855; x_wconf 80' lang='grc'><strong>1316,</strong></span> <span class='ocrx_word' id='word_1_19' title='bbox 1609 764 1729 837; x_wconf 86' lang='grc'><strong>10.</strong></span> <span class='ocrx_word' id='word_1_20' title='bbox 1776 765 1947 838; x_wconf 83' lang='lat' dir='ltr'><strong>Jan.</strong></span> 
     </span>
     <span class='ocr_line' id='line_1_5' title="bbox 640 877 2311 969; baseline 0.002 -23"><span class='ocrx_word' id='word_1_21' title='bbox 640 877 823 967; x_wconf 78' lang='lat' dir='ltr'><strong>(Cod.</strong></span> <span class='ocrx_word' id='word_1_22' title='bbox 854 884 913 967; x_wconf 88' lang='lat' dir='ltr'><strong>j.</strong></span> <span class='ocrx_word' id='word_1_23' title='bbox 959 879 1015 951; x_wconf 82' lang='lat' dir='ltr'><strong>b.</strong></span> <span class='ocrx_word' id='word_1_24' title='bbox 1061 880 1149 949; x_wconf 86' lang='lat' dir='ltr'><strong>II.</strong></span> <span class='ocrx_word' id='word_1_25' title='bbox 1197 882 1260 965; x_wconf 89' lang='lat'><strong>3,</strong></span> <span class='ocrx_word' id='word_1_26' title='bbox 1293 902 1369 965; x_wconf 79' lang='lat' dir='ltr'><strong>p.</strong></span> <span class='ocrx_word' id='word_1_27' title='bbox 1415 882 1520 951; x_wconf 86' lang='grc'><strong>30.</strong></span> <span class='ocrx_word' id='word_1_28' title='bbox 1563 916 1649 931; x_wconf 90' lang='grc'>-</span> <span class='ocrx_word' id='word_1_29' title='bbox 1698 878 1917 945; x_wconf 72' lang='lat' dir='ltr'><strong>Emler</strong></span> <span class='ocrx_word' id='word_1_30' title='bbox 1964 880 2089 951; x_wconf 89' lang='lat' dir='ltr'><em>III.</em></span> <span class='ocrx_word' id='word_1_31' title='bbox 2134 880 2311 969; x_wconf 83' lang='grc'><strong>294.)</strong></span> 
     </span>
    </p>
   </div>
   <div class='ocr_carea' id='block_1_3' title="bbox 429 1018 2821 1211">
    <p class='ocr_par' dir='ltr' id='par_1_3' title="bbox 429 1018 2821 1211">
     <span class='ocr_line' id='line_1_6' title="bbox 637 1018 2821 1108; baseline -0 -19"><span class='ocrx_word' id='word_1_32' title='bbox 637 1020 762 1091; x_wconf 81' lang='grc'><strong>26.</strong></span> <span class='ocrx_word' id='word_1_33' title='bbox 815 1018 860 1090; x_wconf 67' lang='grc' dir='ltr'><em>δ</em></span> <span class='ocrx_word' id='word_1_34' title='bbox 869 1020 1134 1091; x_wconf 82' lang='lat' dir='ltr'><strong>oannis</strong></span> <span class='ocrx_word' id='word_1_35' title='bbox 1191 1019 1404 1107; x_wconf 88' lang='lat' dir='ltr'><strong>regis</strong></span> <span class='ocrx_word' id='word_1_36' title='bbox 1459 1018 1829 1107; x_wconf 79' lang='lat' dir='ltr'><strong>obligatio</strong></span> <span class='ocrx_word' id='word_1_37' title='bbox 1888 1019 2115 1091; x_wconf 87' lang='lat' dir='ltr'><strong>titulo</strong></span> <span class='ocrx_word' id='word_1_38' title='bbox 2175 1018 2521 1108; x_wconf 87' lang='lat' dir='ltr'><strong>pignoris</strong></span> <span class='ocrx_word' id='word_1_39' title='bbox 2581 1019 2821 1090; x_wconf 79' lang='lat' dir='ltr'><strong>castri</strong></span> 
     </span>
     <span class='ocr_line' id='line_1_7' title="bbox 429 1122 2808 1211; baseline 0 -18"><span class='ocrx_word' id='word_1_40' title='bbox 429 1122 682 1195; x_wconf 89' lang='lat' dir='ltr'><strong>Veliss</strong></span> <span class='ocrx_word' id='word_1_41' title='bbox 726 1126 804 1195; x_wconf 91' lang='lat' dir='ltr'><strong>et</strong></span> <span class='ocrx_word' id='word_1_42' title='bbox 849 1124 1188 1196; x_wconf 86' lang='lat' dir='ltr'><strong>civitatis</strong></span> <span class='ocrx_word' id='word_1_43' title='bbox 1233 1124 1490 1196; x_wconf 81' lang='lat' dir='ltr'><strong>Giezin</strong></span> <span class='ocrx_word' id='word_1_44' title='bbox 1541 1124 1861 1196; x_wconf 84' lang='lat' dir='ltr'><strong>Potboni</strong></span> <span class='ocrx_word' id='word_1_45' title='bbox 1904 1124 2091 1196; x_wconf 83' lang='lat' dir='ltr'><strong>dicti</strong></span> <span class='ocrx_word' id='word_1_46' title='bbox 2134 1124 2229 1196; x_wconf 82' lang='lat' dir='ltr'><strong>de</strong></span> <span class='ocrx_word' id='word_1_47' title='bbox 2266 1124 2632 1211; x_wconf 79' lang='lat' dir='ltr'><strong>Fridlant,</strong></span> <span class='ocrx_word' id='word_1_48' title='bbox 2670 1122 2808 1194; x_wconf 84' lang='lat' dir='ltr'><strong>filii</strong></span> 
     </span>
    </p>
   </div>
   <div class='ocr_carea' id='block_1_4' title="bbox 431 1228 1946 1405">
    <p class='ocr_par' dir='ltr' id='par_1_4' title="bbox 431 1228 1946 1405">
     <span class='ocr_line' id='line_1_8' title="bbox 431 1228 1216 1300; baseline -0.003 -1"><span class='ocrx_word' id='word_1_49' title='bbox 431 1228 796 1299; x_wconf 85' lang='lat' dir='ltr'><strong>Hinconis</strong></span> <span class='ocrx_word' id='word_1_50' title='bbox 839 1230 935 1300; x_wconf 86' lang='lat' dir='ltr'><strong>de</strong></span> <span class='ocrx_word' id='word_1_51' title='bbox 977 1229 1216 1300; x_wconf 84' lang='lat' dir='ltr'><strong>Duba.</strong></span> 
     </span>
     <span class='ocr_line' id='line_1_9' title="bbox 1315 1314 1946 1405; baseline -0.003 -17"><span class='ocrx_word' id='word_1_52' title='bbox 1315 1315 1544 1405; x_wconf 78' lang='lat'><strong>1316,</strong></span> <span class='ocrx_word' id='word_1_53' title='bbox 1591 1314 1665 1387; x_wconf 79' lang='lat'><strong>2.</strong></span> <span class='ocrx_word' id='word_1_54' title='bbox 1712 1315 1946 1391; x_wconf 83' lang='lat' dir='ltr'><strong>Junii.</strong></span> 
     </span>
    </p>
   </div>
   <div class='ocr_carea' id='block_1_5' title="bbox 632 1420 1252 1507">
    <p class='ocr_par' dir='ltr' id='par_1_5' title="bbox 632 1420 1252 1507">
     <span class='ocr_line' id='line_1_10' title="bbox 632 1420 1252 1507; baseline 0.01 -22"><span class='ocrx_word' id='word_1_55' title='bbox 632 1420 872 1505; x_wconf 77' lang='lat' dir='ltr'><strong>(Emler</strong></span> <span class='ocrx_word' id='word_1_56' title='bbox 916 1422 1039 1490; x_wconf 86' lang='grc' dir='ltr'><strong>ῙῙΙ.</strong></span> <span class='ocrx_word' id='word_1_57' title='bbox 1085 1424 1252 1507; x_wconf 85' lang='grc'><strong>319.)</strong></span> 
     </span>
    </p>
   </div>
   <div class='ocr_carea' id='block_1_6' title="bbox 415 1558 2901 4184">
    <p class='ocr_par' dir='ltr' id='par_1_6' title="bbox 635 1558 2820 1649">
     <span class='ocr_line' id='line_1_11' title="bbox 635 1558 2820 1649; baseline 0.001 -21"><span class='ocrx_word' id='word_1_58' title='bbox 635 1560 762 1629; x_wconf 80' lang='grc'><strong>27.</strong></span> <span class='ocrx_word' id='word_1_59' title='bbox 837 1560 1280 1647; x_wconf 83' lang='lat' dir='ltr'><strong>Ludovicus‚</strong></span> <span class='ocrx_word' id='word_1_60' title='bbox 1337 1560 1845 1631; x_wconf 83' lang='lat' dir='ltr'><strong>Romanorum</strong></span> <span class='ocrx_word' id='word_1_61' title='bbox 1908 1578 2069 1647; x_wconf 84' lang='lat' dir='ltr'><strong>rex,</strong></span> <span class='ocrx_word' id='word_1_62' title='bbox 2133 1560 2430 1629; x_wconf 84' lang='lat' dir='ltr'><strong>civitati</strong></span> <span class='ocrx_word' id='word_1_63' title='bbox 2497 1558 2820 1649; x_wconf 86' lang='lat' dir='ltr'><strong>Egrensi</strong></span> 
     </span>
    </p>

    <p class='ocr_par' dir='ltr' id='par_1_7' title="bbox 426 1664 2825 1874">
     <span class='ocr_line' id='line_1_12' title="bbox 426 1664 2825 1753; baseline -0 -18"><span class='ocrx_word' id='word_1_64' title='bbox 426 1665 825 1735; x_wconf 82' lang='lat' dir='ltr'><strong>confirmat</strong></span> <span class='ocrx_word' id='word_1_65' title='bbox 885 1664 1130 1735; x_wconf 87' lang='lat' dir='ltr'><strong>omnia</strong></span> <span class='ocrx_word' id='word_1_66' title='bbox 1186 1664 1616 1753; x_wconf 83' lang='lat' dir='ltr'><strong>privilegia,</strong></span> <span class='ocrx_word' id='word_1_67' title='bbox 1662 1664 2057 1737; x_wconf 84' lang='lat' dir='ltr'><strong>libertates</strong></span> <span class='ocrx_word' id='word_1_68' title='bbox 2100 1665 2179 1735; x_wconf 87' lang='lat' dir='ltr'><strong>et</strong></span> <span class='ocrx_word' id='word_1_69' title='bbox 2224 1664 2825 1735; x_wconf 86' lang='lat' dir='ltr'><strong>consuetudines.</strong></span> 
     </span>
     <span class='ocr_line' id='line_1_13' title="bbox 1274 1786 2675 1874; baseline 0.001 -19"><span class='ocrx_word' id='word_1_70' title='bbox 1274 1786 1498 1873; x_wconf 81' lang='lat'>1318,</span> <span class='ocrx_word' id='word_1_71' title='bbox 1569 1788 1633 1857; x_wconf 92' lang='grc'><strong>1.</strong></span> <span class='ocrx_word' id='word_1_72' title='bbox 1682 1787 1993 1874; x_wconf 78' lang='lat' dir='ltr'><strong>Aprilis,</strong></span> <span class='ocrx_word' id='word_1_73' title='bbox 2668 1804 2675 1809; x_wconf 84' lang='lat'><em>·</em></span> 
     </span>
    </p>

    <p class='ocr_par' dir='ltr' id='par_1_8' title="bbox 415 1910 2901 3455">
     <span class='ocr_line' id='line_1_14' title="bbox 637 1910 2827 1995; baseline 0 -17"><span class='ocrx_word' id='word_1_74' title='bbox 637 1910 1060 1995; x_wconf 77' lang='lat' dir='ltr'><strong>LudowicuS,</strong></span> <span class='ocrx_word' id='word_1_75' title='bbox 1107 1911 1235 1977; x_wconf 92' lang='lat' dir='ltr'><strong>Dei</strong></span> <span class='ocrx_word' id='word_1_76' title='bbox 1281 1931 1376 1994; x_wconf 89' lang='lat' dir='ltr'><strong>gr.</strong></span> <span class='ocrx_word' id='word_1_77' title='bbox 1425 1912 1610 1977; x_wconf 89' lang='lat' dir='ltr'><strong>Rom.</strong></span> <span class='ocrx_word' id='word_1_78' title='bbox 1656 1929 1777 1978; x_wconf 81' lang='lat' dir='ltr'><strong>rex</strong></span> <span class='ocrx_word' id='word_1_79' title='bbox 1809 1931 1857 1977; x_wconf 86' lang='lat' dir='ltr'><strong>S.</strong></span> <span class='ocrx_word' id='word_1_80' title='bbox 1893 1928 1951 1977; x_wconf 85' lang='lat' dir='ltr'><strong>a.</strong></span> <span class='ocrx_word' id='word_1_81' title='bbox 1984 1911 2332 1978; x_wconf 87' lang='lat' dir='ltr'><strong>Universis</strong></span> <span class='ocrx_word' id='word_1_82' title='bbox 2366 1912 2541 1979; x_wconf 90' lang='lat' dir='ltr'><strong>sacri</strong></span> <span class='ocrx_word' id='word_1_83' title='bbox 2572 1916 2827 1979; x_wconf 90' lang='lat' dir='ltr'><strong>romani</strong></span> 
     </span>
     <span class='ocr_line' id='line_1_15' title="bbox 422 2008 2901 2100; baseline 0 -20"><span class='ocrx_word' id='word_1_84' title='bbox 422 2016 704 2096; x_wconf 87' lang='lat' dir='ltr'><strong>Imperii</strong></span> <span class='ocrx_word' id='word_1_85' title='bbox 749 2015 1055 2081; x_wconf 88' lang='lat' dir='ltr'><strong>fidelibus</strong></span> <span class='ocrx_word' id='word_1_86' title='bbox 1101 2021 1496 2096; x_wconf 82' lang='lat' dir='ltr'>praesentes</span> <span class='ocrx_word' id='word_1_87' title='bbox 1544 2014 1779 2083; x_wconf 79' lang='lat' dir='ltr'><strong>literas</strong></span> <span class='ocrx_word' id='word_1_88' title='bbox 1826 2016 2234 2097; x_wconf 87' lang='lat' dir='ltr'><strong>inspecturis</strong></span> <span class='ocrx_word' id='word_1_89' title='bbox 2296 2016 2579 2100; x_wconf 77' lang='lat' dir='ltr'><strong>gratiam</strong></span> <span class='ocrx_word' id='word_1_90' title='bbox 2642 2034 2824 2083; x_wconf 91' lang='lat' dir='ltr'><strong>suam</strong></span> <span class='ocrx_word' id='word_1_91' title='bbox 2896 2008 2901 2014; x_wconf 80' lang='grc'>’</span> 
     </span>
     <span class='ocr_line' id='line_1_16' title="bbox 417 2118 2820 2211; baseline 0 -27"><span class='ocrx_word' id='word_1_92' title='bbox 417 2126 492 2185; x_wconf 90' lang='lat' dir='ltr'><strong>et</strong></span> <span class='ocrx_word' id='word_1_93' title='bbox 545 2137 733 2185; x_wconf 89' lang='lat' dir='ltr'><strong>omne</strong></span> <span class='ocrx_word' id='word_1_94' title='bbox 779 2120 1032 2186; x_wconf 89' lang='lat' dir='ltr'><strong>bonum.</strong></span> <span class='ocrx_word' id='word_1_95' title='bbox 1102 2118 1183 2185; x_wconf 88' lang='lat' dir='ltr'><strong>In</strong></span> <span class='ocrx_word' id='word_1_96' title='bbox 1229 2119 1618 2187; x_wconf 87' lang='lat' dir='ltr'><strong>serenitatis</strong></span> <span class='ocrx_word' id='word_1_97' title='bbox 1666 2120 1955 2186; x_wconf 78' lang='lat' dir='ltr'><strong>Nostrae</strong></span> <span class='ocrx_word' id='word_1_98' title='bbox 2008 2118 2400 2211; x_wconf 87' lang='lat' dir='ltr'><strong>praesentia</strong></span> <span class='ocrx_word' id='word_1_99' title='bbox 2455 2120 2820 2201; x_wconf 79' lang='lat' dir='ltr'><strong>prudentes</strong></span> 
     </span>
     <span class='ocr_line' id='line_1_17' title="bbox 421 2222 2820 2307; baseline -0.001 -16"><span class='ocrx_word' id='word_1_100' title='bbox 421 2222 577 2303; x_wconf 83' lang='lat' dir='ltr'><strong>viri,</strong></span> <span class='ocrx_word' id='word_1_101' title='bbox 623 2224 808 2291; x_wconf 84' lang='lat' dir='ltr'><strong>cives</strong></span> <span class='ocrx_word' id='word_1_102' title='bbox 855 2222 1216 2307; x_wconf 87' lang='lat' dir='ltr'><strong>Egrenses,</strong></span> <span class='ocrx_word' id='word_1_103' title='bbox 1261 2223 1492 2289; x_wconf 87' lang='lat' dir='ltr'><strong>fideles</strong></span> <span class='ocrx_word' id='word_1_104' title='bbox 1537 2224 1755 2290; x_wconf 87' lang='lat' dir='ltr'><strong>nostri</strong></span> <span class='ocrx_word' id='word_1_105' title='bbox 1801 2222 2047 2306; x_wconf 87' lang='lat' dir='ltr'><strong>dilecti,</strong></span> <span class='ocrx_word' id='word_1_106' title='bbox 2104 2222 2485 2289; x_wconf 85' lang='lat' dir='ltr'><strong>celsitudini</strong></span> <span class='ocrx_word' id='word_1_107' title='bbox 2532 2224 2820 2289; x_wconf 80' lang='lat' dir='ltr'><strong>Nostrae</strong></span> 
     </span>
     <span class='ocr_line' id='line_1_18' title="bbox 423 2326 2825 2413; baseline 0 -21"><span class='ocrx_word' id='word_1_108' title='bbox 423 2326 820 2393; x_wconf 83' lang='lat' dir='ltr'><strong>instantivis</strong></span> <span class='ocrx_word' id='word_1_109' title='bbox 865 2328 1178 2409; x_wconf 89' lang='lat' dir='ltr'><strong>precibus</strong></span> <span class='ocrx_word' id='word_1_110' title='bbox 1226 2326 1701 2411; x_wconf 76' lang='lat' dir='ltr'><strong>supplicarunt,</strong></span> <span class='ocrx_word' id='word_1_111' title='bbox 1752 2335 2083 2409; x_wconf 88' lang='lat' dir='ltr'><strong>quatenus</strong></span> <span class='ocrx_word' id='word_1_112' title='bbox 2144 2329 2497 2395; x_wconf 80' lang='lat' dir='ltr'><strong>universas</strong></span> <span class='ocrx_word' id='word_1_113' title='bbox 2543 2326 2825 2413; x_wconf 81' lang='lat' dir='ltr'><strong>gratias,</strong></span> 
     </span>
     <span class='ocr_line' id='line_1_19' title="bbox 415 2432 2827 2516; baseline -0 -18"><span class='ocrx_word' id='word_1_114' title='bbox 415 2433 595 2516; x_wconf 86' lang='lat' dir='ltr'><strong>jura,</strong></span> <span class='ocrx_word' id='word_1_115' title='bbox 663 2432 1020 2500; x_wconf 81' lang='lat' dir='ltr'><strong>libertates</strong></span> <span class='ocrx_word' id='word_1_116' title='bbox 1089 2439 1160 2498; x_wconf 88' lang='lat' dir='ltr'><strong>et</strong></span> <span class='ocrx_word' id='word_1_117' title='bbox 1227 2434 1740 2500; x_wconf 88' lang='lat' dir='ltr'><strong>consuetudines</strong></span> <span class='ocrx_word' id='word_1_118' title='bbox 1811 2432 1973 2516; x_wconf 90' lang='lat' dir='ltr'><strong>ipsis</strong></span> <span class='ocrx_word' id='word_1_119' title='bbox 2044 2451 2123 2500; x_wconf 85' lang='lat' dir='ltr'><strong>ac</strong></span> <span class='ocrx_word' id='word_1_120' title='bbox 2196 2451 2321 2514; x_wconf 85' lang='lat' dir='ltr'><strong>per</strong></span> <span class='ocrx_word' id='word_1_121' title='bbox 2399 2452 2511 2500; x_wconf 85' lang='lat' dir='ltr'><strong>eos</strong></span> <span class='ocrx_word' id='word_1_122' title='bbox 2586 2432 2827 2516; x_wconf 87' lang='lat' dir='ltr'><strong>oppido</strong></span> 
     </span>
     <span class='ocr_line' id='line_1_20' title="bbox 425 2538 2823 2621; baseline -0.001 -17"><span class='ocrx_word' id='word_1_123' title='bbox 425 2538 726 2620; x_wconf 85' lang='lat' dir='ltr'><strong>ipsorum</strong></span> <span class='ocrx_word' id='word_1_124' title='bbox 791 2540 1096 2621; x_wconf 75' lang='lat' dir='ltr'><strong>donatas,</strong></span> <span class='ocrx_word' id='word_1_125' title='bbox 1164 2539 1454 2605; x_wconf 84' lang='lat' dir='ltr'><strong>traditas</strong></span> <span class='ocrx_word' id='word_1_126' title='bbox 1526 2545 1595 2604; x_wconf 91' lang='lat' dir='ltr'><strong>et</strong></span> <span class='ocrx_word' id='word_1_127' title='bbox 1663 2557 2017 2605; x_wconf 90' lang='lat' dir='ltr'><strong>concessas</strong></span> <span class='ocrx_word' id='word_1_128' title='bbox 2084 2556 2125 2602; x_wconf 90' lang='lat' dir='ltr'><strong>a</strong></span> <span class='ocrx_word' id='word_1_129' title='bbox 2192 2538 2823 2619; x_wconf 82' lang='lat' dir='ltr'><strong>praedecessoribus</strong></span> 
     </span>
     <span class='ocr_line' id='line_1_21' title="bbox 425 2641 2826 2727; baseline 0 -19"><span class='ocrx_word' id='word_1_130' title='bbox 425 2641 716 2725; x_wconf 83' lang='lat' dir='ltr'><strong>NostriS,</strong></span> <span class='ocrx_word' id='word_1_131' title='bbox 747 2641 920 2708; x_wconf 79' lang='lat' dir='ltr'><strong>divis</strong></span> <span class='ocrx_word' id='word_1_132' title='bbox 943 2642 1466 2726; x_wconf 84' lang='lat' dir='ltr'><strong>Imperatoribus</strong></span> <span class='ocrx_word' id='word_1_133' title='bbox 1499 2651 1568 2708; x_wconf 88' lang='lat' dir='ltr'><strong>et</strong></span> <span class='ocrx_word' id='word_1_134' title='bbox 1600 2645 2043 2710; x_wconf 88' lang='lat' dir='ltr'><strong>Romanorum</strong></span> <span class='ocrx_word' id='word_1_135' title='bbox 2076 2642 2369 2725; x_wconf 84' lang='lat' dir='ltr'><strong>regibus,</strong></span> <span class='ocrx_word' id='word_1_136' title='bbox 2402 2643 2826 2727; x_wconf 85' lang='lat' dir='ltr'><strong>dignaremur</strong></span> 
     </span>
     <span class='ocr_line' id='line_1_22' title="bbox 425 2737 2823 2831; baseline -0.001 -18"><span class='ocrx_word' id='word_1_137' title='bbox 425 2765 514 2813; x_wconf 85' lang='lat' dir='ltr'><strong>ex</strong></span> <span class='ocrx_word' id='word_1_138' title='bbox 559 2745 760 2812; x_wconf 84' lang='lat' dir='ltr'><strong>solita</strong></span> <span class='ocrx_word' id='word_1_139' title='bbox 829 2746 1182 2814; x_wconf 83' lang='lat' dir='ltr'><strong>clementia</strong></span> <span class='ocrx_word' id='word_1_140' title='bbox 1244 2747 1652 2813; x_wconf 87' lang='lat' dir='ltr'><strong>confirmare.</strong></span> <span class='ocrx_word' id='word_1_141' title='bbox 1714 2737 1851 2812; x_wconf 90' lang='lat' dir='ltr'><strong>Nos</strong></span> <span class='ocrx_word' id='word_1_142' title='bbox 1908 2764 2069 2814; x_wconf 86' lang='lat' dir='ltr'><strong>vero</strong></span> <span class='ocrx_word' id='word_1_143' title='bbox 2116 2746 2320 2831; x_wconf 69' lang='lat' dir='ltr'><strong>⁴iustis</strong></span> <span class='ocrx_word' id='word_1_144' title='bbox 2383 2764 2461 2812; x_wconf 90' lang='lat' dir='ltr'><strong>ac</strong></span> <span class='ocrx_word' id='word_1_145' title='bbox 2524 2746 2823 2813; x_wconf 89' lang='lat' dir='ltr'><strong>honestis</strong></span> 
     </span>
     <span class='ocr_line' id='line_1_23' title="bbox 431 2849 2825 2936; baseline -0.001 -18"><span class='ocrx_word' id='word_1_146' title='bbox 431 2869 663 2918; x_wconf 90' lang='lat' dir='ltr'><strong>eorum</strong></span> <span class='ocrx_word' id='word_1_147' title='bbox 711 2851 1146 2933; x_wconf 84' lang='lat' dir='ltr'><strong>petitionibus</strong></span> <span class='ocrx_word' id='word_1_148' title='bbox 1195 2870 1276 2918; x_wconf 85' lang='lat' dir='ltr'><strong>ex</strong></span> <span class='ocrx_word' id='word_1_149' title='bbox 1323 2851 1743 2936; x_wconf 83' lang='lat' dir='ltr'><strong>benignitate</strong></span> <span class='ocrx_word' id='word_1_150' title='bbox 1785 2852 1983 2917; x_wconf 83' lang='lat' dir='ltr'><strong>solita</strong></span> <span class='ocrx_word' id='word_1_151' title='bbox 2014 2851 2481 2919; x_wconf 86' lang='lat' dir='ltr'><strong>favorabiliter</strong></span> <span class='ocrx_word' id='word_1_152' title='bbox 2511 2849 2825 2916; x_wconf 83' lang='lat' dir='ltr'><strong>acclinati</strong></span> 
     </span>
     <span class='ocr_line' id='line_1_24' title="bbox 429 2953 2826 3040; baseline -0.001 -18"><span class='ocrx_word' id='word_1_153' title='bbox 429 2956 652 3023; x_wconf 85' lang='lat' dir='ltr'><strong>omnia</strong></span> <span class='ocrx_word' id='word_1_154' title='bbox 688 2955 862 3038; x_wconf 74' lang='lat' dir='ltr'><strong>Jura‚</strong></span> <span class='ocrx_word' id='word_1_155' title='bbox 907 2957 1276 3038; x_wconf 55' lang='lat' dir='ltr'><strong>libertates</strong></span> <span class='ocrx_word' id='word_1_156' title='bbox 1325 2957 1583 3040; x_wconf 86' lang='lat' dir='ltr'><strong>gratias</strong></span> <span class='ocrx_word' id='word_1_157' title='bbox 1631 2961 1701 3022; x_wconf 92' lang='lat' dir='ltr'><strong>et</strong></span> <span class='ocrx_word' id='word_1_158' title='bbox 1746 2957 2152 3038; x_wconf 87' lang='lat' dir='ltr'><strong>approbatas</strong></span> <span class='ocrx_word' id='word_1_159' title='bbox 2200 2953 2711 3022; x_wconf 87' lang='lat' dir='ltr'><strong>consuetudines</strong></span> <span class='ocrx_word' id='word_1_160' title='bbox 2743 2955 2826 3020; x_wconf 89' lang='lat' dir='ltr'><strong>ab</strong></span> 
     </span>
     <span class='ocr_line' id='line_1_25' title="bbox 429 3057 2828 3144; baseline -0.002 -18"><span class='ocrx_word' id='word_1_161' title='bbox 429 3058 766 3126; x_wconf 87' lang='lat' dir='ltr'><strong>universis</strong></span> <span class='ocrx_word' id='word_1_162' title='bbox 829 3065 900 3126; x_wconf 92' lang='lat' dir='ltr'><strong>et</strong></span> <span class='ocrx_word' id='word_1_163' title='bbox 963 3058 1242 3144; x_wconf 87' lang='lat' dir='ltr'><strong>singulis</strong></span> <span class='ocrx_word' id='word_1_164' title='bbox 1305 3061 1931 3142; x_wconf 84' lang='lat' dir='ltr'><strong>praedecessoribus</strong></span> <span class='ocrx_word' id='word_1_165' title='bbox 1980 3058 2245 3126; x_wconf 89' lang='lat' dir='ltr'><strong>Nostris</strong></span> <span class='ocrx_word' id='word_1_166' title='bbox 2292 3059 2361 3123; x_wconf 90' lang='lat' dir='ltr'><strong>in</strong></span> <span class='ocrx_word' id='word_1_167' title='bbox 2424 3057 2710 3139; x_wconf 89' lang='lat' dir='ltr'><strong>Imperio</strong></span> <span class='ocrx_word' id='word_1_168' title='bbox 2758 3063 2828 3124; x_wconf 88' lang='lat' dir='ltr'><strong>et</strong></span> 
     </span>
     <span class='ocr_line' id='line_1_26' title="bbox 433 3162 2824 3247; baseline -0 -18"><span class='ocrx_word' id='word_1_169' title='bbox 433 3182 644 3247; x_wconf 88' lang='lat' dir='ltr'><strong>regno</strong></span> <span class='ocrx_word' id='word_1_170' title='bbox 691 3163 984 3230; x_wconf 85' lang='lat' dir='ltr'><strong>Romano</strong></span> <span class='ocrx_word' id='word_1_171' title='bbox 1031 3164 1287 3230; x_wconf 87' lang='lat' dir='ltr'><strong>tradita</strong></span> <span class='ocrx_word' id='word_1_172' title='bbox 1333 3182 1454 3230; x_wconf 91' lang='lat' dir='ltr'><strong>seu</strong></span> <span class='ocrx_word' id='word_1_173' title='bbox 1499 3165 1809 3246; x_wconf 79' lang='lat' dir='ltr'><strong>traditaS‚</strong></span> <span class='ocrx_word' id='word_1_174' title='bbox 1858 3162 2120 3230; x_wconf 86' lang='lat' dir='ltr'><strong>indulta</strong></span> <span class='ocrx_word' id='word_1_175' title='bbox 2167 3181 2283 3231; x_wconf 88' lang='lat' dir='ltr'><strong>seu</strong></span> <span class='ocrx_word' id='word_1_176' title='bbox 2322 3163 2637 3243; x_wconf 76' lang='lat' dir='ltr'><strong>indultaS,</strong></span> <span class='ocrx_word' id='word_1_177' title='bbox 2673 3180 2824 3228; x_wconf 90' lang='lat' dir='ltr'><strong>con-</strong></span> 
     </span>
     <span class='ocr_line' id='line_1_27' title="bbox 435 3265 2827 3351; baseline 0 -19"><span class='ocrx_word' id='word_1_178' title='bbox 435 3286 632 3334; x_wconf 87' lang='lat' dir='ltr'><strong>cessa</strong></span> <span class='ocrx_word' id='word_1_179' title='bbox 677 3287 794 3334; x_wconf 89' lang='lat' dir='ltr'><strong>seu</strong></span> <span class='ocrx_word' id='word_1_180' title='bbox 841 3285 1212 3350; x_wconf 87' lang='lat' dir='ltr'><strong>concessas,</strong></span> <span class='ocrx_word' id='word_1_181' title='bbox 1268 3273 1469 3350; x_wconf 89' lang='lat' dir='ltr'><strong>prout</strong></span> <span class='ocrx_word' id='word_1_182' title='bbox 1525 3269 1691 3351; x_wconf 89' lang='lat' dir='ltr'><strong>ipsis</strong></span> <span class='ocrx_word' id='word_1_183' title='bbox 1748 3268 1877 3334; x_wconf 88' lang='lat' dir='ltr'><strong>rite</strong></span> <span class='ocrx_word' id='word_1_184' title='bbox 1946 3272 2016 3334; x_wconf 92' lang='lat' dir='ltr'><strong>et</strong></span> <span class='ocrx_word' id='word_1_185' title='bbox 2084 3265 2584 3334; x_wconf 88' lang='lat' dir='ltr'><strong>racionabiliter</strong></span> <span class='ocrx_word' id='word_1_186' title='bbox 2650 3267 2827 3347; x_wconf 86' lang='lat' dir='ltr'><strong>data,</strong></span> 
     </span>
     <span class='ocr_line' id='line_1_28' title="bbox 431 3371 2826 3455; baseline -0 -19"><span class='ocrx_word' id='word_1_187' title='bbox 431 3389 754 3438; x_wconf 87' lang='lat' dir='ltr'><strong>concessa</strong></span> <span class='ocrx_word' id='word_1_188' title='bbox 819 3375 890 3438; x_wconf 89' lang='lat' dir='ltr'><strong>et</strong></span> <span class='ocrx_word' id='word_1_189' title='bbox 936 3371 1323 3441; x_wconf 84' lang='lat' dir='ltr'><strong>confirmata</strong></span> <span class='ocrx_word' id='word_1_190' title='bbox 1393 3380 1565 3455; x_wconf 90' lang='lat' dir='ltr'><strong>sunt,</strong></span> <span class='ocrx_word' id='word_1_191' title='bbox 1636 3372 2043 3438; x_wconf 87' lang='lat' dir='ltr'><strong>auctoritate</strong></span> <span class='ocrx_word' id='word_1_192' title='bbox 2104 3372 2292 3455; x_wconf 87' lang='lat' dir='ltr'><strong>regia</strong></span> <span class='ocrx_word' id='word_1_193' title='bbox 2350 3371 2826 3436; x_wconf 75' lang='lat' dir='ltr'><strong>confirmamus</strong></span> 
     </span>
    </p>

    <p class='ocr_par' dir='ltr' id='par_1_9' title="bbox 432 3475 2830 3873">
     <span class='ocr_line' id='line_1_29' title="bbox 649 3475 2826 3560; baseline -0.001 -18"><span class='ocrx_word' id='word_1_194' title='bbox 649 3476 826 3543; x_wconf 88' lang='lat' dir='ltr'><strong>Nulli</strong></span> <span class='ocrx_word' id='word_1_195' title='bbox 873 3495 1034 3560; x_wconf 89' lang='lat' dir='ltr'><strong>ergo</strong></span> <span class='ocrx_word' id='word_1_196' title='bbox 1066 3476 1328 3543; x_wconf 89' lang='lat' dir='ltr'><strong>omnino</strong></span> <span class='ocrx_word' id='word_1_197' title='bbox 1359 3475 1689 3542; x_wconf 86' lang='lat' dir='ltr'><strong>hominum</strong></span> <span class='ocrx_word' id='word_1_198' title='bbox 1729 3475 1932 3543; x_wconf 89' lang='lat' dir='ltr'><strong>liceat</strong></span> <span class='ocrx_word' id='word_1_199' title='bbox 1963 3478 2133 3543; x_wconf 89' lang='lat' dir='ltr'><strong>hanc</strong></span> <span class='ocrx_word' id='word_1_200' title='bbox 2166 3476 2457 3542; x_wconf 88' lang='lat' dir='ltr'><strong>Nostrae</strong></span> <span class='ocrx_word' id='word_1_201' title='bbox 2489 3475 2826 3543; x_wconf 89' lang='lat' dir='ltr'><strong>confirma-</strong></span> 
     </span>
     <span class='ocr_line' id='line_1_30' title="bbox 439 3577 2827 3666; baseline 0 -23"><span class='ocrx_word' id='word_1_202' title='bbox 439 3577 640 3646; x_wconf 83' lang='lat' dir='ltr'><strong>tionis</strong></span> <span class='ocrx_word' id='word_1_203' title='bbox 686 3579 998 3663; x_wconf 83' lang='lat' dir='ltr'><strong>paginam</strong></span> <span class='ocrx_word' id='word_1_204' title='bbox 1042 3577 1406 3664; x_wconf 84' lang='lat' dir='ltr'><strong>infringere</strong></span> <span class='ocrx_word' id='word_1_205' title='bbox 1455 3580 1563 3646; x_wconf 85' lang='lat' dir='ltr'><strong>vel</strong></span> <span class='ocrx_word' id='word_1_206' title='bbox 1609 3579 1671 3646; x_wconf 89' lang='lat' dir='ltr'><strong>ei</strong></span> <span class='ocrx_word' id='word_1_207' title='bbox 1718 3580 1786 3645; x_wconf 92' lang='lat' dir='ltr'><strong>in</strong></span> <span class='ocrx_word' id='word_1_208' title='bbox 1831 3598 1999 3666; x_wconf 83' lang='lat' dir='ltr'><strong>ausu</strong></span> <span class='ocrx_word' id='word_1_209' title='bbox 2033 3578 2254 3659; x_wconf 91' lang='lat' dir='ltr'><strong>aliquo</strong></span> <span class='ocrx_word' id='word_1_210' title='bbox 2288 3578 2641 3645; x_wconf 88' lang='lat' dir='ltr'><strong>temerario</strong></span> <span class='ocrx_word' id='word_1_211' title='bbox 2678 3596 2827 3645; x_wconf 91' lang='lat' dir='ltr'><strong>con·</strong></span> 
     </span>
     <span class='ocr_line' id='line_1_31' title="bbox 435 3683 2830 3767; baseline -0.001 -17"><span class='ocrx_word' id='word_1_212' title='bbox 435 3684 664 3750; x_wconf 87' lang='lat' dir='ltr'><strong>traire.</strong></span> <span class='ocrx_word' id='word_1_213' title='bbox 713 3683 937 3765; x_wconf 89' lang='lat' dir='ltr'><strong>Siquis</strong></span> <span class='ocrx_word' id='word_1_214' title='bbox 983 3689 1205 3749; x_wconf 87' lang='lat' dir='ltr'><strong>autem</strong></span> <span class='ocrx_word' id='word_1_215' title='bbox 1249 3684 1373 3751; x_wconf 93' lang='lat' dir='ltr'><strong>hoc</strong></span> <span class='ocrx_word' id='word_1_216' title='bbox 1419 3688 1827 3765; x_wconf 88' lang='lat' dir='ltr'><strong>attemptare</strong></span> <span class='ocrx_word' id='word_1_217' title='bbox 1873 3683 2413 3767; x_wconf 88' lang='lat' dir='ltr'><strong>praesumpserit,</strong></span> <span class='ocrx_word' id='word_1_218' title='bbox 2460 3701 2533 3748; x_wconf 91' lang='lat' dir='ltr'><strong>se</strong></span> <span class='ocrx_word' id='word_1_219' title='bbox 2565 3684 2830 3752; x_wconf 88' lang='lat' dir='ltr'><strong>noverit</strong></span> 
     </span>
     <span class='ocr_line' id='line_1_32' title="bbox 432 3787 2083 3873; baseline -0.001 -18"><span class='ocrx_word' id='word_1_220' title='bbox 432 3788 960 3873; x_wconf 84' lang='lat' dir='ltr'><strong>indignationem</strong></span> <span class='ocrx_word' id='word_1_221' title='bbox 1005 3788 1257 3872; x_wconf 86' lang='lat' dir='ltr'><strong>regiam</strong></span> <span class='ocrx_word' id='word_1_222' title='bbox 1305 3787 1607 3872; x_wconf 86' lang='lat' dir='ltr'><strong>graviter</strong></span> <span class='ocrx_word' id='word_1_223' title='bbox 1652 3787 2083 3854; x_wconf 88' lang='lat' dir='ltr'><strong>incursurum.</strong></span> 
     </span>
    </p>

    <p class='ocr_par' dir='ltr' id='par_1_10' title="bbox 430 3890 2821 4080">
     <span class='ocr_line' id='line_1_33' title="bbox 641 3890 2821 3959; baseline -0.001 -1"><span class='ocrx_word' id='word_1_224' title='bbox 641 3892 724 3958; x_wconf 92' lang='lat' dir='ltr'><strong>In</strong></span> <span class='ocrx_word' id='word_1_225' title='bbox 768 3891 954 3958; x_wconf 88' lang='lat' dir='ltr'><strong>cuius</strong></span> <span class='ocrx_word' id='word_1_226' title='bbox 1001 3891 1292 3958; x_wconf 87' lang='lat' dir='ltr'><strong>Nostrae</strong></span> <span class='ocrx_word' id='word_1_227' title='bbox 1338 3891 1855 3958; x_wconf 87' lang='lat' dir='ltr'><strong>confirmationis</strong></span> <span class='ocrx_word' id='word_1_228' title='bbox 1905 3891 2355 3959; x_wconf 89' lang='lat' dir='ltr'><strong>testimonium</strong></span> <span class='ocrx_word' id='word_1_229' title='bbox 2416 3891 2540 3957; x_wconf 89' lang='lat' dir='ltr'><strong>hac</strong></span> <span class='ocrx_word' id='word_1_230' title='bbox 2585 3890 2821 3958; x_wconf 87' lang='lat' dir='ltr'><strong>literas</strong></span> 
     </span>
     <span class='ocr_line' id='line_1_34' title="bbox 430 3995 2713 4080; baseline 0.001 -20"><span class='ocrx_word' id='word_1_231' title='bbox 430 3996 764 4063; x_wconf 87' lang='lat' dir='ltr'><strong>conscribi</strong></span> <span class='ocrx_word' id='word_1_232' title='bbox 813 4000 881 4063; x_wconf 93' lang='lat' dir='ltr'><strong>et</strong></span> <span class='ocrx_word' id='word_1_233' title='bbox 927 3995 1213 4062; x_wconf 90' lang='lat' dir='ltr'><strong>Nostrae</strong></span> <span class='ocrx_word' id='word_1_234' title='bbox 1261 3995 1639 4064; x_wconf 86' lang='lat' dir='ltr'><strong>Maiestatis</strong></span> <span class='ocrx_word' id='word_1_235' title='bbox 1690 3997 1908 4080; x_wconf 90' lang='lat' dir='ltr'><strong>sigillo</strong></span> <span class='ocrx_word' id='word_1_236' title='bbox 1948 3995 2263 4080; x_wconf 78' lang='lat' dir='ltr'><strong>Jussimus</strong></span> <span class='ocrx_word' id='word_1_237' title='bbox 2312 3995 2713 4062; x_wconf 90' lang='lat' dir='ltr'><strong>communiri.</strong></span> 
     </span>
    </p>

    <p class='ocr_par' dir='ltr' id='par_1_11' title="bbox 641 4099 2817 4184">
     <span class='ocr_line' id='line_1_35' title="bbox 641 4099 2817 4184; baseline -0.002 -18"><span class='ocrx_word' id='word_1_238' title='bbox 641 4100 889 4166; x_wconf 85' lang='lat' dir='ltr'><strong>Datum</strong></span> <span class='ocrx_word' id='word_1_239' title='bbox 936 4101 1001 4165; x_wconf 91' lang='lat' dir='ltr'><strong>in</strong></span> <span class='ocrx_word' id='word_1_240' title='bbox 1047 4099 1232 4182; x_wconf 88' lang='lat' dir='ltr'><strong>Egra</strong></span> <span class='ocrx_word' id='word_1_241' title='bbox 1277 4099 1424 4166; x_wconf 87' lang='lat' dir='ltr'><strong>Kal.</strong></span> <span class='ocrx_word' id='word_1_242' title='bbox 1463 4099 1717 4182; x_wconf 90' lang='lat' dir='ltr'><strong>Aprilis</strong></span> <span class='ocrx_word' id='word_1_243' title='bbox 1749 4119 1805 4166; x_wconf 89' lang='lat' dir='ltr'><strong>a.</strong></span> <span class='ocrx_word' id='word_1_244' title='bbox 1840 4101 1917 4166; x_wconf 92' lang='lat' dir='ltr'><strong>D.</strong></span> <span class='ocrx_word' id='word_1_245' title='bbox 1955 4105 2143 4182; x_wconf 85' lang='lat'><strong>1323,</strong></span> <span class='ocrx_word' id='word_1_246' title='bbox 2172 4099 2362 4184; x_wconf 89' lang='lat' dir='ltr'><strong>regni</strong></span> <span class='ocrx_word' id='word_1_247' title='bbox 2395 4117 2552 4165; x_wconf 83' lang='lat' dir='ltr'><strong>vero</strong></span> <span class='ocrx_word' id='word_1_248' title='bbox 2586 4099 2817 4164; x_wconf 89' lang='lat' dir='ltr'><strong>Nostri</strong></span> 
     </span>
    </p>
   </div>
   <div class='ocr_carea' id='block_1_7' title="bbox 429 4213 2375 4396">
    <p class='ocr_par' dir='ltr' id='par_1_12' title="bbox 429 4213 2375 4396">
     <span class='ocr_line' id='line_1_36' title="bbox 429 4213 915 4288; baseline 0.002 -17"><span class='ocrx_word' id='word_1_249' title='bbox 429 4224 610 4272; x_wconf 88' lang='lat' dir='ltr'><strong>anno</strong></span> <span class='ocrx_word' id='word_1_250' title='bbox 655 4213 915 4288; x_wconf 87' lang='lat' dir='ltr'><strong>quarto.</strong></span> 
     </span>
     <span class='ocr_line' id='line_1_37' title="bbox 639 4307 2375 4396; baseline 0 -23"><span class='ocrx_word' id='word_1_251' title='bbox 639 4310 848 4396; x_wconf 71' lang='lat' dir='ltr'><strong>(Oriq.</strong></span> <span class='ocrx_word' id='word_1_252' title='bbox 893 4309 1065 4377; x_wconf 76' lang='lat' dir='ltr'><strong>arch.</strong></span> <span class='ocrx_word' id='word_1_253' title='bbox 1117 4311 1233 4375; x_wconf 80' lang='lat' dir='ltr'><strong>civ.</strong></span> <span class='ocrx_word' id='word_1_254' title='bbox 1279 4307 1607 4392; x_wconf 70' lang='lat' dir='ltr'><strong>Eqremis.</strong></span> <span class='ocrx_word' id='word_1_255' title='bbox 1653 4345 1738 4356; x_wconf 90' lang='lat'><strong>——</strong></span> <span class='ocrx_word' id='word_1_256' title='bbox 1783 4309 1975 4374; x_wconf 80' lang='lat' dir='ltr'><strong>Arch.</strong></span> <span class='ocrx_word' id='word_1_257' title='bbox 2021 4307 2089 4374; x_wconf 71' lang='lat' dir='ltr'><strong>S.</strong></span> <span class='ocrx_word' id='word_1_258' title='bbox 2150 4307 2375 4394; x_wconf 78' lang='lat' dir='ltr'><strong>Wenc.)</strong></span> 
     </span>
    </p>
   </div>
   <div class='ocr_carea' id='block_1_8' title="bbox 546 4429 2620 4497">
    <p class='ocr_par' dir='ltr' id='par_1_13' title="bbox 546 4429 2620 4497">
     <span class='ocr_line' id='line_1_38' title="bbox 546 4429 2620 4497; baseline -0.006 -8"><span class='ocrx_word' id='word_1_259' title='bbox 546 4447 692 4489; x_wconf 73' lang='lat' dir='ltr'><strong>Codex</strong></span> <span class='ocrx_word' id='word_1_260' title='bbox 715 4447 801 4497; x_wconf 66' lang='lat' dir='ltr'><strong>im.</strong></span> <span class='ocrx_word' id='word_1_261' title='bbox 836 4447 938 4488; x_wconf 86' lang='lat' dir='ltr'><strong>boh.</strong></span> <span class='ocrx_word' id='word_1_262' title='bbox 966 4447 1021 4488; x_wconf 89' lang='lat'><strong>11.</strong></span> <span class='ocrx_word' id='word_1_263' title='bbox 1059 4451 1094 4488; x_wconf 83' lang='lat'><strong>1.</strong></span> <span class='ocrx_word' id='word_1_264' title='bbox 2587 4429 2620 4476; x_wconf 82' lang='grc'><strong>3</strong></span> 
     </span>
    </p>
   </div>
  </div>
 </body>
</html>
