3288 4973
1344 354 1733 415 -397—

337 572 503 634 quas
550 553 681 637 ipsi
724 573 920 638 reges
967 564 1037 622 et
1082 555 1201 622 alii
1244 557 1621 637 quicunque
1677 557 2084 623 contrarium
2142 555 2471 623 facientes
2530 557 2726 623 debe-

338 665 493 723 rent
554 659 919 741 incurrere,
963 659 1032 725 in
1078 659 1367 726 Statutis
1415 662 1605 743 regni
1653 660 1865 728 nostri
1924 659 2000 727 B.
2055 677 2258 741 saepe
2317 659 2486 725 dicti
2545 659 2724 727 suffi-

338 762 601 829 cienter
640 781 719 830 ac
759 765 843 829 de
876 766 1194 832 baronum
1228 770 1296 830 et
1331 783 1676 847 procerum
1705 770 2081 832 nostrorum
2111 781 2391 830 assensu
2427 763 2726 846 legitimo

342 866 613 947 provide
648 874 913 934 cautum
946 869 1307 952 exstiterit,
1338 876 1563 936 tamen
1610 873 1696 935 ad
1743 868 2247 938 abundantioris
2295 867 2724 936 certitudinis

338 981 531 1051 grata
600 973 954 1056 praesidia,
1011 991 1099 1039 ne
1152 975 1303 1054 quis
1362 992 1482 1056 per
1540 974 1985 1056 ignorantiam
2045 975 2129 1039 de
2189 973 2438 1040 talibus
2495 974 2726 1039 valeat

337 1077 660 1159 excusari,
704 1093 953 1158 poenas
999 1081 1267 1144 easdem
1312 1077 1381 1145 in
1428 1079 1652 1159 aliqua
1697 1079 1803 1144 sui
1848 1084 2042 1160 parte
2089 1077 2553 1160 praesentibus
2599 1075 2722 1144 ite-

338 1197 578 1262 ramuS,
615 1184 1057 1247 decernentes
1088 1186 1161 1248 et
1190 1182 1315 1248 hoc
1344 1182 1684 1265 Imperiali
1714 1190 2040 1265 perpetuo
2071 1183 2453 1248 statuentes
2483 1182 2724 1264 edict0,

542 1287 719 1366 quod
765 1286 823 1350 si
868 1285 1018 1366 quis
1071 1285 1427 1353 illustrium
1488 1304 1716 1370 regum
1763 1288 1836 1352 B.
1882 1287 1953 1352 in
1999 1290 2447 1367 contemptum
2507 1285 2722 1368 Impe-

334 1389 520 1455 rialis
568 1390 773 1457 edicti
815 1399 887 1456 et
918 1392 1110 1475 regni
1142 1391 1621 1476 praejudicium
1653 1392 1872 1458 dictas
1902 1397 2142 1472 terrae,
2175 1394 2420 1474 castra,
2452 1390 2721 1456 muniti-

286 1563 297 1572 ,
334 1512 512 1574 oneS,
560 1496 856 1580 praedia,
900 1496 1209 1578 vasallos,
1258 1496 1638 1579 vasellagia,
1677 1494 1850 1578 jura,
1897 1493 2402 1576 jurisdictiones
2450 1499 2519 1559 et
2563 1495 2724 1578 alia,

332 1617 501 1678 qnae
571 1601 1034 1682 exprimuntur
1078 1601 1405 1683 superius,
1465 1601 1535 1666 in
1592 1606 1734 1666 toto
1795 1601 1906 1666 vel
1962 1598 2031 1666 in
2094 1611 2302 1682 parte,
2364 1599 2711 1678 quibusvis

329 1703 634 1786 ingeniis,
691 1703 911 1770 titulis
988 1723 1108 1770 seu
1170 1706 1501 1770 coloribus
1565 1703 1890 1784 quaesitis
1952 1703 2296 1784 venderet,
2359 1702 2716 1783 scinderet,

328 1807 676 1890 obligaret,
720 1808 1065 1890 alienaret,
1112 1815 1524 1890 permutaret
1554 1825 1675 1874 seu
1711 1827 1751 1873 a
1783 1825 1984 1889 regno
2015 1813 2086 1872 et
2117 1823 2364 1872 corona
2398 1807 2472 1872 B.
2505 1825 2713 1873 remo-

328 1919 540 1995 veret,
584 1912 749 1979 nulli
794 1931 1048 1996 poenae
1095 1911 1423 1994 corporali
1467 1913 1789 1979 reddatur
1835 1910 2175 1988 obnoxiuS,
2225 1929 2372 1976 cum
2433 1927 2560 1976 non
2625 1912 2716 1976 sit

328 2017 752 2098 convenienS,
822 2019 997 2098 quod
1064 2017 1313 2099 regiam
1382 2018 1802 2101 majestatem
1863 2015 2228 2097 corporalis
2289 2032 2502 2096 poena
2558 2034 2710 2081 con-

326 2123 639 2204 stringat,
700 2123 817 2188 sed
878 2121 1094 2204 ipsum
1156 2139 1381 2206 regem
1450 2139 1728 2204 poenam
1793 2127 1864 2186 et
1930 2125 2153 2185 notam
2221 2118 2494 2202 perjurii
2561 2120 2707 2201 ipzo

324 2224 504 2292 facto
550 2225 910 2292 incurrisse
956 2226 1410 2306 decernimus;
1456 2223 1796 2306 principes
1856 2241 2033 2305 ver0,
2091 2227 2394 2305 barones,
2453 2224 2708 2290 nobiles

324 2337 393 2396 et
438 2329 557 2396 alii
603 2329 997 2412 quicunque,
1041 2331 1513 2410 cuiuscumque
1560 2328 1930 2411 dignitatis,
1984 2329 2248 2411 graduS,
2309 2327 2710 2394 conditionis

325 2435 431 2501 vel
478 2441 701 2501 status
749 2434 1064 2516 existant,
1128 2433 1243 2515 qui
1285 2436 1368 2500 ad
1431 2433 1898 2514 venditionem,
1953 2433 2356 2517 scissionem,
2403 2433 2704 2517 obligati-

326 2558 534 2621 onem,
578 2538 1065 2619 alienationem,
1112 2538 1669 2620 permutationem
1715 2546 1828 2603 aut
1872 2537 2298 2603 remotionem
2332 2538 2704 2621 hujusmodi

323 2644 717 2725 niterentur,
762 2643 905 2725 ipso
951 2641 1131 2708 facto
1179 2644 1548 2708 reddantur
1592 2641 1872 2708 infames
1905 2648 1975 2707 et
2005 2644 2252 2708 cadant
2283 2645 2366 2707 ab
2400 2642 2700 2709 omnibus

324 2749 461 2814 suis
501 2748 765 2832 juribus
810 2752 883 2813 et
930 2749 1177 2814 honore
1226 2756 1295 2813 et
1339 2749 1657 2813 universa
1703 2749 1876 2812 bona
1927 2746 2236 2829 ipsorum,
2303 2746 2572 2813 mobilia
2640 2756 2712 2814 et

322 2851 698 2934 immobilia,
790 2851 1245 2933 possessiones
1321 2856 1390 2917 et
1466 2851 1758 2933 praedia,
1840 2851 2216 2930 ubicunque
2290 2851 2710 2932 deprehensa

322 2955 593 3038 fuerint,
638 2957 722 3021 ad
772 2972 929 3023 usus
975 2972 1203 3037 regum
1249 2955 1323 3022 B.
1372 2956 1898 3021 confiscerentnr
1943 2960 2015 3020 et
2045 2952 2175 3035 ipsi
2205 2959 2520 3035 tanquam
2561 2974 2708 3037 pro·

324 3060 575 3126 ditores
619 3059 941 3141 infideleS,
986 3059 1088 3124 rei
1116 3060 1341 3124 laesae
1372 3058 1746 3141 majestatis
1777 3058 2075 3140 crimine,
2105 3060 2491 3126 turbatores
2527 3062 2709 3141 pacis

324 3171 392 3229 et
442 3164 710 3246 quietis,
770 3163 1210 3245 dissipatores
1271 3162 1464 3245 regni
1525 3164 1599 3229 B.
1662 3167 1733 3228 et
1793 3162 2064 3228 honoris
2117 3162 2365 3244 regalis
2425 3164 2562 3228 sint
2621 3167 2706 3231 ab

322 3267 619 3335 omnibus
666 3267 933 3350 impune
979 3286 1185 3348 usque
1232 3269 1313 3333 ad
1364 3273 1639 3333 mortem
1680 3274 1751 3333 et
1795 3267 1991 3333 finale
2039 3264 2434 3349 supplicium
2484 3286 2706 3349 perse-

325 3372 586 3454 quendi,
630 3390 709 3437 ac
744 3374 830 3437 ad
862 3371 1389 3453 persecutionem
1421 3372 1710 3453 ipsorum
1743 3388 1966 3437 omnes
1997 3370 2457 3437 indifferenter
2484 3374 2708 3455 regni·

322 3477 504 3543 colae
552 3474 843 3558 praefati
889 3476 1076 3557 regni
1126 3476 1435 3542 Boemiae
1490 3475 1707 3541 teneri
1769 3476 2109 3541 debebunt
2154 3484 2226 3540 et
2271 3473 2563 3541 fideliter
2623 3494 2702 3542 ac

320 3580 676 3663 diligenter
740 3579 1109 3660 intendere,
1177 3582 1300 3646 sub
1372 3598 1586 3661 poena
1653 3580 2049 3661 perditionis
2097 3578 2383 3645 omnium
2432 3578 2700 3665 jurium,

318 3683 719 3767 libertatum,
764 3684 1133 3765 gratiarum
1192 3690 1263 3751 et
1320 3684 1658 3763 honorum,
1717 3684 1954 3764 quibus
2018 3683 2263 3765 regalis
2321 3683 2702 3765 benignitas

318 3788 613 3870 providit
660 3788 929 3871 eisdem,
965 3789 1163 3872 juxta
1215 3787 1491 3853 formam
1534 3786 1951 3854 Statutorum
1996 3788 2187 3869 regni
2232 3786 2307 3853 B.
2354 3790 2705 3875 praedicti,

318 3894 427 3959 ubi
472 3892 642 3958 talia
686 3892 949 3974 plenius
995 3890 1473 3973 exprimuntur.

523 3996 910 4062 Teneantur
978 3996 1183 4062 etiam
1252 4014 1445 4079 reges
1512 3996 1587 4061 B.
1649 4002 1721 4063 et
1785 3996 1925 4063 sint
1991 3998 2244 4063 virtute
2313 3999 2696 4079 praesentis

311 4100 686 4182 Imperialis
756 4100 959 4166 edicti
1027 4102 1110 4166 ad
1178 4102 1347 4168 haec
1414 4100 1804 4182 specialiter
1868 4100 2164 4183 obligati,
2234 4109 2311 4167 ut
2378 4100 2700 4185 videlicet

312 4204 487 4271 hunc
532 4203 886 4271 articulum
932 4205 1015 4270 de
1060 4221 1191 4270 non
1228 4204 1617 4287 vendendis,
1663 4205 2066 4287 scindendis,
2110 4205 2501 4288 alienandis,
2551 4225 2697 4287 per·

311 4308 647 4375 mutandis
693 4326 813 4375 seu
858 4309 1058 4375 etiam
1108 4309 1527 4375 removendis
1576 4308 1941 4390 praedictis
1990 4309 2292 4375 omuibus
2353 4310 2580 4392 iurent
2627 4311 2696 4377 in
