3288 4973
1384 323 1731 384 ...64-

360 528 583 594 sedem
631 526 1063 608 apostolicam
1108 531 1375 592 nostros
1438 524 1710 592 nuntios
1763 525 2128 610 destinare,
2185 525 2392 593 fuerit
2449 530 2750 610 obtenta,

362 630 539 700 infra
584 649 705 697 sex
746 647 1008 696 menses
1054 629 1433 697 immediate
1496 635 1858 710 sequentes
1919 632 2242 698 tradimus
2297 637 2368 696 et
2412 633 2742 698 matrimo-

364 737 529 802 niali
586 734 857 802 foedere
918 734 987 800 iu
1050 735 1213 818 loco,
1272 752 1467 814 quem
1525 734 1699 800 idem
1757 737 1818 800 d.
1879 753 1999 801 rex
2057 740 2128 802 et
2191 753 2312 801 nos
2371 735 2750 803 duxerimus

362 845 589 906 mutuo
636 840 1103 922 deputandum,
1147 838 1591 920 promittimus
1638 839 1968 920 copulare.
2017 839 2206 923 Quad
2243 840 2304 904 si
2335 839 2748 921 dispensatio

362 945 561 1012 huius
606 964 647 1010 a
694 941 1040 1024 praedicta
1084 944 1245 1008 sede
1294 942 1668 1023 apostolica
1712 943 1848 1009 ista
1891 945 2041 1012 vice
2073 944 2412 1024 nequierit
2443 943 2753 1027 obtineri,

364 1053 753 1116 contractus
797 1047 1007 1128 ipsius
1056 1045 1453 1114 matrimonii
1484 1048 1702 1114 teneri
1732 1048 2006 1115 debebit
2035 1066 2242 1128 usque
2274 1051 2360 1114 ad
2391 1049 2748 1115 triennium

365 1154 433 1220 in
479 1169 817 1234 suspenso,
864 1161 933 1216 et
976 1149 1245 1217 iuterim
1290 1157 1572 1230 uterque
1618 1157 1936 1234 nostrum,
1981 1151 2299 1220 videlicet
2343 1161 2478 1218 tam
2524 1154 2583 1220 d.
2631 1171 2749 1218 rex

366 1258 436 1326 B.
486 1256 867 1323 antedictus
913 1272 1105 1336 quam
1151 1272 1293 1337 neS,
1336 1255 1511 1321 bona
1554 1255 1685 1322 fide
1731 1262 1803 1321 et
1847 1261 1992 1323 toto
2037 1275 2232 1338 posse
2298 1275 2414 1338 pro
2475 1253 2741 1338 dispen-

366 1364 626 1429 satioue
672 1358 869 1427 huius
914 1359 1289 1424 tenebimur
1331 1359 1660 1425 laborare.

574 1464 937 1543 Postquam
984 1480 1146 1528 vero
1192 1463 1339 1543 ipsa
1382 1462 1800 1544 dispensatio
1847 1465 2124 1530 obtenta
2183 1463 2405 1546 fuerit,
2451 1469 2524 1530 et
2565 1482 2754 1546 prae·

366 1569 551 1636 dicta
610 1567 749 1635 filia
806 1555 1019 1648 ipsius
1084 1566 1265 1650 regis
1325 1567 1397 1634 B.
1462 1567 1918 1634 duodecimum
1977 1568 2226 1634 aetatis
2289 1587 2455 1635 suae
2511 1587 2755 1634 annum

368 1671 821 1755 compleverit,
863 1691 949 1739 ex
993 1678 1154 1737 tunc
1198 1671 1343 1752 ipse
1399 1673 1471 1736 d.
1528 1690 1651 1739 rex
1708 1671 1780 1738 B.
1844 1671 2073 1738 statim
2131 1691 2280 1738 eam
2337 1672 2576 1738 marito
2637 1691 2754 1737 suo

370 1777 683 1844 Ladislao
730 1777 1075 1858 praedicto
1122 1781 1393 1842 tenetur
1445 1794 1656 1856 usque
1715 1779 1803 1842 ad
1861 1783 2075 1842 metas
2137 1777 2506 1859 saepedicti
2568 1775 2754 1858 regni

368 1881 579 1948 nostri
624 1880 1013 1964 Hungariae
1060 1878 1540 1961 transmittere,
1606 1887 1678 1946 et
1737 1878 1920 1946 iutra
1977 1898 2220 1947 annum
2279 1881 2522 1948 abinde
2586 1899 2752 1946 com·

370 1986 733 2068 putandum
779 1983 907 2066 ipsi
952 1989 1157 2050 natae
1205 2001 1367 2049 suae
1412 1984 1646 2051 decem
1693 1984 1896 2050 millia
1942 2003 2316 2052 marcarum
2377 2003 2753 2068 grossorum

370 2085 818 2172 Pragensium,
880 2087 1039 2154 LVI
1084 2106 1355 2171 grossos
1400 2107 1521 2170 pro
1566 2105 1794 2155 marca
1841 2089 2140 2170 qualibet
2183 2091 2644 2172 computando,
2687 2087 2755 2154 in

368 2193 593 2258 Broda
638 2190 1075 2273 Hungaricali
1121 2191 1381 2257 nomine
1428 2191 1719 2258 dotalitii
1765 2192 2106 2259 tenebitur
2151 2193 2528 2275 assignare;
2587 2211 2755 2274 quae

369 2299 598 2363 decem
658 2296 865 2361 millia
924 2313 1291 2362 marcarum
1362 2315 1483 2362 nos
1548 2295 1792 2362 ibidem
1859 2297 2234 2364 tenebimur
2301 2298 2602 2380 recipere
2688 2299 2756 2363 iu

370 2418 641 2484 regnum
688 2406 1003 2483 nostrum,
1050 2417 1442 2481 quocunque
1488 2406 1790 2483 tempore
1858 2401 2049 2467 nobis
2113 2402 2462 2484 placuerit,
2519 2402 2757 2466 deduc·

370 2507 521 2591 turi,
568 2523 771 2588 saepe
819 2504 999 2572 dicto
1047 2507 1105 2570 d.
1152 2520 1313 2589 rege
1360 2504 1433 2571 B.
1482 2524 1601 2587 pro
1649 2505 1982 2572 uniuersis
2029 2506 2167 2573 suis
2213 2506 2566 2590 regnicolis
2613 2524 2760 2587 pro-

369 2612 699 2693 mittente,
788 2612 962 2691 quod
1038 2628 1250 2690 usque
1324 2612 1409 2677 ad
1486 2617 1777 2677 castrum
1856 2618 2158 2677 nostrum
2235 2609 2759 2678 Trenchiniense

372 2732 605 2783 secure
676 2715 1023 2797 praedicta
1094 2715 1377 2795 pecunia
1446 2717 1830 2782 deducetur.
1905 2717 2044 2783 Nos
2119 2734 2280 2783 vero
2347 2717 2492 2783 vice
2563 2734 2762 2782 versa

372 2838 490 2901 pro
566 2818 877 2886 dotalicio
954 2819 1322 2900 saepedicti
1398 2818 1513 2885 filii
1590 2820 1804 2886 nostri
1886 2820 2016 2887 XV
2109 2820 2318 2887 millia
2389 2837 2757 2885 marcarum

372 2925 653 3007 argenti,
700 2924 797 2989 ita
841 2924 1013 3004 quod
1045 2924 1384 3003 quaelibet
1416 2926 1499 2989 ad
1534 2924 1830 2991 valorem
1864 2924 2019 2993 LVI
2051 2942 2429 3009 grossorum
2479 2924 2761 3007 Prageu.

372 3045 447 3095 se
492 3029 833 3110 extendat,
878 3027 1254 3111 tenebimur
1298 3028 1667 3110 assignare.

583 3132 979 3198 Dotalitium
1047 3151 1206 3198 vero
1270 3134 1746 3218 supradictum,
1815 3136 1984 3215 quod
2047 3136 2132 3201 ab
2202 3139 2486 3215 vtroque
2549 3133 2760 3199 latere

374 3241 590 3302 totum
670 3253 744 3302 se
824 3236 1133 3302 extendit
1198 3238 1284 3300 ad
1352 3236 1548 3303 XXV
1616 3238 1842 3321 millia,
1909 3236 1979 3303 in
2048 3237 2506 3319 infrascriptis
2573 3238 2764 3304 bonis

376 3339 659 3407 divisum
718 3341 849 3407 ita:
909 3340 977 3407 X
1052 3339 1271 3421 millia,
1331 3358 1503 3421 quae
1561 3361 1680 3423 pro
1745 3342 2058 3409 dotalicio
2105 3341 2280 3409 filiae
2326 3342 2658 3423 praedicti
2704 3343 2766 3421 d,

377 3448 557 3530 regis
604 3444 695 3528 B,
742 3454 813 3510 et
858 3445 985 3511 XV
1031 3444 1255 3528 millia,
1300 3464 1470 3525 quae
1518 3466 1634 3527 pro
1682 3447 1988 3514 dotalitio
2037 3445 2328 3529 praefati
2375 3447 2494 3513 filii
2555 3445 2766 3513 nostri

373 3550 830 3633 designantur,
854 3568 938 3616 ex
954 3549 1203 3615 nostris
1224 3548 1541 3617 videlicet
1556 3551 1949 3618 civitatibus
1971 3551 2376 3633 reginalibus
2399 3551 2762 3632 Vereuche,

374 3655 651 3738 Segusd‚
684 3654 934 3735 Labad‚
972 3654 1219 3737 Chehy,
1251 3654 1565 3739 Arangas
1597 3673 1746 3721 cum
1777 3657 1915 3722 suis
1949 3655 2318 3739 comitibuS,
2351 3654 2766 3737 officialibuS,

375 3758 554 3827 villis
616 3764 688 3824 et
755 3756 1181 3840 pertiuentiis
1250 3757 1617 3841 uniuersis3
1687 3759 1846 3825 item
1915 3760 2073 3829 ville
2141 3759 2496 3843 Steritorn,
2565 3760 2767 3842 Burg,

377 3863 676 3944 Sleabas,
723 3864 893 3928 duae
938 3862 1141 3929 villae
1187 3863 1429 3947 Achat,
1476 3864 1788 3945 Balchas‚
1836 3864 2093 3947 Wihus,
2139 3865 2424 3947 Darary,
2455 3863 2769 3945 Chehine‚

374 3966 637 4033 Wiloch
685 3984 830 4031 cum
876 3968 1174 4033 omnibus
1220 3967 1357 4031 suit
1402 3967 1810 4034 utilitatibus
1858 3969 2208 4050 praedicta
2249 3969 2314 4035 X
2346 3966 2555 4036 millia
2601 3988 2770 4035 mar-

378 4089 636 4153 carum3
680 4070 840 4134 item
886 4069 1151 4153 Posaga
1210 4088 1359 4137 cum
1416 4076 1561 4137 toto
1622 4089 1741 4136 suo
1804 4070 2138 4144 districtu.
2201 4073 2464 4156 castriS,
2533 4074 2770 4141 civita·

376 4174 575 4255 tibus
622 4172 820 4256 villis,
850 4173 1111 4254 oppidis
1158 4180 1227 4238 et
1272 4174 1423 4239 aliis
1458 4174 1595 4239 suis
1630 4175 2059 4257 pertinentiis
2091 4177 2426 4243 uniuersis
2463 4176 2770 4259 praefata

378 4276 504 4342 XV
552 4275 760 4342 millia
808 4295 1175 4343 marcarum
1224 4283 1380 4343 sunt
1412 4296 1531 4361 per
1563 4296 1684 4344 nos
1719 4280 2289 4346 certitudiualiter
2322 4282 2770 4349 denominata.
