3288 4973
1457 371 1850 433 -135—

438 571 767 638 Poloniae
814 581 885 639 et
914 573 1195 640 aliarum
1227 579 1565 641 terrarum·
1588 573 1658 640 in
1681 574 1931 640 eisdem
1955 572 2174 644 literis
2203 575 2343 642 suis
2371 593 2854 660 expressarum,

442 676 809 742 excellenti
856 675 1157 760 principi,
1204 677 1467 744 domino
1514 677 1858 762 Cazimiro‚
1921 700 2042 761 per
2090 679 2499 762 praedictam
2556 679 2846 763 gratiam

439 777 593 864 regi
638 781 802 846 dicti
849 779 1042 863 regni
1086 781 1423 866 Poloniae,
1469 782 1776 850 similiter
1829 783 2026 850 fratri
2090 789 2338 865 nostro,
2385 801 2509 864 per
2565 784 2844 850 eundem

440 883 777 950 dorninum
822 902 1048 967 regem
1092 884 1407 952 Boemiae
1452 891 1523 952 et
1568 887 1740 953 filios
1787 887 1931 954 eius
1963 887 2164 970 facta,
2196 888 2280 953 ad
2313 889 2580 954 nostras
2614 905 2846 953 manus

441 993 768 1068 tanquam
814 987 1091 1054 hominis
1140 989 1499 1056 communis
1546 994 1617 1056 et
1663 1009 1854 1070 quem
1901 995 2100 1072 prout
2147 990 2349 1056 filium
2395 989 2538 1056 eius
2585 1009 2836 1056 assum·

440 1096 650 1174 serat,
696 1091 1090 1176 assiguauit,
1135 1093 1284 1160 ideo
1332 1111 1451 1160 nos
1496 1093 1710 1160 eidem
1761 1095 2019 1160 domino
2065 1095 2210 1180 regi
2259 1095 2590 1178 Boemiae‚
2644 1095 2843 1162 fratri

438 1201 677 1264 nostro
723 1201 795 1262 et
838 1196 993 1263 filiis
1040 1197 1203 1280 eius
1252 1197 1696 1280 promittimus
1743 1198 2022 1266 firmiter
2067 1208 2138 1265 et
2183 1199 2462 1283 sincere,
2508 1204 2841 1280 quatenus

436 1299 503 1365 si
550 1299 771 1366 dictus
816 1300 1113 1367 dominus
1172 1301 1553 1384 casimirus,
1618 1319 1738 1368 rex
1796 1303 2132 1386 Poloniae,
2191 1303 2260 1368 in
2319 1302 2494 1370 festo
2551 1303 2844 1385 paschae

438 1403 714 1469 Domini
761 1403 1057 1485 proxime
1102 1423 1274 1472 nunc
1320 1411 1623 1489 venture,
1671 1425 1791 1472 sex
1842 1406 2050 1473 millia
2093 1425 2462 1473 marcarum
2511 1424 2587 1473 eo
2628 1409 2837 1490 mode,

434 1525 577 1587 quo
640 1509 859 1590 debet,
928 1507 1141 1575 eidem
1204 1509 1463 1578 domino
1533 1509 1679 1594 regi
1741 1510 2052 1577 Boemiae
2109 1510 2220 1578 vel
2276 1509 2432 1576 filiis
2491 1512 2634 1578 eius
2705 1529 2837 1577 nou

436 1609 726 1677 soluerit
785 1617 903 1678 aut
954 1613 1375 1681 conditiones
1436 1633 1553 1680 seu
1619 1613 2063 1698 obligationes
2125 1634 2242 1698 pro
2305 1613 2452 1695 ipsa
2511 1613 2840 1680 solutione

433 1713 665 1782 factas
710 1720 781 1782 et
836 1718 1245 1785 firmationes
1305 1717 1373 1784 iu
1434 1718 1838 1800 specialibus
1900 1719 2119 1785 literis
2179 1723 2534 1786 contentas
2595 1723 2668 1784 et
2729 1737 2840 1784 ex·

438 1839 719 1902 pressas
786 1839 917 1887 non
980 1823 1224 1889 iecerit
1289 1841 1413 1889 nec
1483 1821 1934 1904 compleuerit,
2004 1842 2089 1888 ex
2149 1828 2310 1889 tunc
2369 1841 2488 1888 nos
2549 1823 2658 1888 vel
2719 1821 2840 1887 filii

436 1926 659 1991 nostri
728 1923 939 1992 eidem
1002 1927 1263 1993 domino
1310 1925 1455 2009 regi
1500 1926 1812 1993 Boemiae
1861 1927 1968 1993 vel
2012 1926 2168 1994 filiis
2234 1927 2380 1994 eius
2440 1931 2559 1994 aut
2618 1925 2834 1993 dictas

436 2027 679 2095 literas
734 2029 804 2096 in
850 2031 1076 2113 specie
1120 2031 1547 2098 restituemus
1594 2037 1714 2097 aut
1759 2033 1844 2098 ad
1891 2031 2280 2098 soluendum
2325 2031 2674 2113 praedicta
2713 2049 2833 2098 sex

434 2131 650 2198 millia
694 2153 1062 2202 marcarum
1108 2154 1589 2220 sexagenarum
1636 2135 1882 2202 erimus
1927 2134 2226 2220 obligati.

650 2237 732 2303 In
757 2239 943 2305 cuius
968 2240 1425 2321 promissionis
1450 2238 1896 2306 testimonium
1929 2247 2318 2322 praesentes
2350 2239 2570 2323 sigillo
2603 2245 2832 2307 nostro

436 2339 833 2409 authentico
877 2342 1155 2411 fecimus
1202 2344 1605 2411 communiri.

550 2566 609 2631 D
649 2463 897 2531 Datum
934 2465 1007 2532 in
1036 2466 1174 2533 alto
1207 2471 1433 2534 castro
1463 2465 1861 2552 Wisegrado
1893 2466 1963 2533 in
1993 2465 2166 2533 festo
2197 2468 2441 2536 beatae
2467 2465 2832 2535 Elisabeth

429 2587 499 2657 β.
612 2618 628 2634 .
678 2574 864 2636 1335.

649 2688 985 2777 (Ludewiq
1028 2690 1371 2776 Reliquiae
1426 2692 1489 2757 V.
1535 2730 1621 2741 —-
1671 2690 1848 2779 Chyt.
1901 2691 2035 2760 VII.
2064 2694 2168 2761 92.
2198 2730 2285 2743 -—
2315 2690 2478 2761 Eml.
2511 2692 2623 2761 IV.
2655 2694 2830 2783 224.)

648 2883 799 2949 120.
824 2858 1265 2951 Kazimirus
1280 2880 1643 2951 Poloniae
1670 2901 1808 2951 rex
1831 2882 2060 2968 rogat
2083 2881 2137 2950 J
2137 2900 2452 2951 oannem
2467 2881 2820 2951 Boemiae

433 3004 723 3071 regem,
762 2986 846 3054 ut
874 2986 1159 3054 terram
1190 2984 1740 3055 Dobrinensem
1771 2985 2135 3055 restituat
2167 2984 2591 3057 Wladislao
2623 2984 2821 3055 duci.

922 3108 1113 3191 1335,
1158 3106 1267 3175 23.
1313 3105 1501 3175 Nov.
1555 3106 2044 3194 (wissegrad
2087 3106 2336 3195 Ung.).

590 3324 597 3331 ,
648 3244 875 3333 (Arch.
920 3244 987 3310 S.
1040 3244 1246 3315 Wenc.
1289 3282 1375 3297 --
1420 3244 1583 3315 Eml.
1627 3245 1747 3315 IV.
1791 3245 1972 3333 227.)

648 3456 797 3523 121.
886 3454 937 3524 J
939 3473 1221 3525 oannes
1295 3474 1434 3523 rex
1509 3453 1902 3525 civitatem
1974 3457 2053 3525 et
2124 3457 2461 3525 castrum
2534 3453 2818 3543 Pyrnis

430 3557 684 3627 denuo
729 3557 811 3627 in
852 3558 1157 3628 feudum
1202 3558 1481 3645 recipit
1524 3559 1619 3629 ab
1667 3558 1994 3630 ecclesia
2038 3558 2426 3630 Misncnsi.

1283 3682 1477 3768 1336,
1524 3684 1632 3751 27.
1680 3680 1732 3752 J
1735 3700 1996 3752 anuar.

642 3818 916 3887 Receptio
977 3818 1227 3875 civitatis
1289 3825 1349 3874 et
1408 3820 1579 3875 castri
1640 3820 1842 3889 Pyrnis
1904 3822 2058 3875 facta
2121 3826 2211 3875 est
2271 3819 2373 3875 tali
2436 3818 2619 3874 modo:
2693 3816 2816 3871 Rex

428 3908 696 3976 Jmnnes,
734 3918 859 3959 cum
894 3906 1285 3961 nonnullorum
1344 3906 1451 3961 fide
1507 3906 1805 3976 dignorum
1860 3905 2180 3963 testimonio
2243 3906 2467 3975 plenam
2517 3909 2819 3972 acceperat

430 3994 714 4061 notitiam,
752 3993 897 4061 quod
934 3992 1135 4048 civitas
1175 3998 1235 4047 et
1272 4001 1515 4048 castrum
1554 3993 1756 4062 Pyrnis
1800 3994 1869 4050 ab
1895 3994 2125 4063 antiquo
2151 4000 2478 4063 spectarent
2501 3992 2559 4046 in
2591 3991 2816 4047 feodum

429 4083 509 4136 ad
544 4078 839 4135 ecclesiam
876 4079 1229 4149 Misnentem,
1268 4081 1443 4149 ipsam
1481 4080 1774 4136 civitatem
1811 4097 1934 4136 cum
1972 4086 2157 4136 castro
2183 4082 2235 4137 d.
2263 4079 2521 4135 Witkoni
2561 4078 2820 4147 episcopo

428 4166 703 4225 Hisuensi
761 4165 979 4221 nomine
1039 4166 1217 4236 ipsius
1278 4168 1550 4223 ecclcsiae
1611 4168 1787 4223 libere
1859 4168 2130 4223 restituit.
2205 4168 2468 4237 Idemque
2520 4165 2816 4235 episcopus

430 4256 674 4325 „dictam
736 4268 893 4309 suam
950 4254 1244 4309 ecclesiam
1293 4255 1522 4323 cupiens
1596 4262 1757 4310 tanto
1831 4256 2093 4311 decorare
2166 4260 2600 4324 propugnatore,
2678 4266 2815 4321 rege

428 4343 711 4411 Boemiae‚
773 4338 1251 4411 conditionemque
1311 4341 1487 4411 ipsius
1560 4342 1830 4400 ecclesiae
1885 4343 1954 4398 (le
2005 4342 2145 4399 bono
2203 4342 2262 4397 in
2322 4340 2519 4397 melius
2585 4340 2818 4396 reddere
