3288 4973
1580 363 1968 422 „144-

573 569 759 652 cujus
791 569 1089 636 servitiis
1114 572 1277 634 tunc
1302 566 1654 634 constituti
1678 565 2016 648 fuerimus,
2039 565 2479 646 ministrandi,
2507 565 2626 630 sed
2657 563 2948 644 dampnis
3200 582 3208 613 ι

569 672 876 755 propriis,
910 673 1085 739 omni
1130 690 1206 739 eo
1254 677 1569 754 tempore,
1614 689 1744 752 quo
1793 669 1998 751 aliqui
2047 688 2166 736 seu
2211 669 2454 750 aliquis
2500 687 2582 735 ex
2625 668 2814 735 nobis
2845 674 2952 734 aut

569 781 793 842 terrae
811 775 1020 858 ipsius
1038 796 1158 859 per
1180 776 1466 858 aliquem
1484 795 1603 842 seu
1624 774 1881 856 aliquos
1897 774 2236 841 hostiliter
2255 792 2404 840 cum
2428 773 2750 856 exercitu,
2767 791 2952 837 manu

568 880 844 964 potenti,
860 882 929 947 in
942 881 1188 946 eisdem
1201 879 1403 947 terris
1414 879 1558 945 suis
1568 879 1818 945 fuerint
1830 878 2219 962 impugnati,
2231 878 2461 944 statim
2479 895 2674 958 quam
2685 877 2951 958 primum

71 955 119 1080 ξ’
566 984 873 1064 requisiti
903 984 1240 1068 fuerimus,
1272 985 1415 1051 sine
1448 983 2054 1066 procrastinatione
2087 986 2156 1048 et
2187 980 2508 1048 dilatione
2535 979 2952 1063 quibuslibet,

70 1081 143 1174 ἦ
564 1088 960 1170 auxilioque,
1006 1088 1256 1171 favore,
1311 1087 1590 1154 consilio
1638 1095 1708 1152 et
1764 1087 2123 1154 dilectione
2182 1086 2487 1152 fraterna
2531 1083 2842 1167 prosequi
2887 1091 2952 1148 et

71 1163 141 1404 {i
250 1197 253 1200 ’
564 1192 806 1258 adesse
836 1194 1034 1258 rebus
1069 1192 1323 1273 pariter
1356 1196 1425 1257 et
1457 1191 1760 1273 personis
1793 1208 2002 1271 usque
2027 1191 2112 1256 ad
2137 1191 2322 1256 vitae
2346 1195 2616 1256 nostrae
2639 1194 2952 1270 tempora,

71 1407 91 1462 ξ

71 1467 111 1588 ἱ

71 1657 109 1712 ὲ.

565 1313 685 1374 pro
708 1295 874 1360 totis
896 1294 1152 1361 viribus
1176 1297 1423 1362 nostris
1450 1301 1518 1360 et
1541 1313 1757 1378 posse,
1782 1297 2107 1361 adversus
2125 1294 2484 1374 quemlibet
2506 1292 2830 1360 hominem
2847 1289 2950 1356 vel

558 1417 909 1479 personam
927 1399 1031 1483 cuj
1040 1418 1373 1480 uscunque
1391 1405 1632 1482 statuS,
1653 1397 2072 1482 conditioniS,
2086 1397 2438 1482 dignitatis
2454 1417 2534 1464 ac
2550 1395 2946 1463 eminentiae

560 1502 873 1584 existant,
886 1503 1087 1569 etiam
1104 1503 1163 1567 si
1178 1504 1389 1587 regali
1406 1507 1526 1569 aut
1540 1503 1986 1585 cujuscunque
2006 1501 2444 1569 excellentiae
2457 1501 2652 1567 titulo
2666 1499 2946 1582 praeful-

560 1611 763 1687 geant
793 1624 913 1672 seu
946 1606 1346 1673 eminentiae
1376 1606 1627 1673 fuerint
1655 1606 1973 1689 decorati,
1997 1606 2258 1673 nemine
2283 1606 2550 1688 penitus
2577 1609 2949 1687 exceptato.

71 1751 141 1800 t.
766 1710 1243 1778 Promittentes
1316 1711 1570 1792 pariter
1647 1715 1717 1777 et
1792 1713 2217 1792 spondentes
2285 1709 2433 1776 dolo
2505 1708 2610 1777 vel
2679 1709 2946 1794 ingenio

71 1801 137 1904 ξ
558 1815 746 1881 malis
778 1834 896 1881 seu
932 1817 1251 1882 dilatione
1283 1815 1629 1897 quibusvis
1662 1817 1954 1898 semotiS,
1981 1834 2113 1882 non
2143 1814 2468 1895 quaesitis
2500 1814 2947 1895 excusatione,

71 1905 127 1996 ξ’
160 1917 165 1924 ’
554 1917 989 2004 subterfugiis
1056 1923 1175 1985 aut
1220 1918 1441 1986 colore
1489 1919 2013 2002 quibuscunque,
2069 1918 2376 2000 praefata
2438 1918 2656 1984 omnia
2701 1923 2772 1984 et
2816 1918 2947 1984 sin·

71 2077 113 2118 3,
554 2023 712 2104 gula
758 2027 827 2088 et
873 2023 1215 2104 quodlibet
1271 2042 1494 2089 eorum
1561 2025 1934 2106 attendere,
1999 2041 2272 2088 servare
2337 2029 2407 2087 et
2467 2022 2948 2089 inviolabiliter

71 2119 115 2200 ἐξ
551 2127 906 2209 custodire,
940 2127 1215 2209 ipsaque
1246 2132 1417 2211 rata,
1448 2131 1664 2212 grata,
1688 2128 1874 2193 firma
1899 2133 1969 2192 et
1991 2126 2556 2193 incommutabilia
2586 2126 2947 2207 irrefraga-

71 2213 101 2254 ²³
552 2229 781 2297 biliter
810 2233 1189 2314 observare,
1221 2249 1347 2299 nec
1377 2231 1509 2298 ullo
1544 2249 1832 2312 unquam
1865 2236 2165 2312 tempore
2197 2235 2432 2297 contra
2463 2249 2544 2296 ea
2566 2235 2685 2296 aut
2715 2249 2946 2297 eorum

550 2334 775 2416 aliqua
793 2352 913 2401 seu
932 2335 1199 2416 aliquod
1219 2354 1437 2419 opere,
1459 2335 1888 2402 conniventia
1904 2342 2021 2401 aut
2047 2352 2350 2401 sermone
2375 2353 2494 2417 per
2517 2351 2591 2401 se
2617 2340 2737 2401 aut
2757 2334 2948 2417 alioS,

71 2445 107 2472 ⁴·
194 2502 199 2507 .
549 2439 631 2505 de
654 2441 807 2524 jure
840 2443 959 2506 aut
988 2441 1071 2505 de
1102 2439 1299 2525 facto,
1333 2441 1587 2508 directe
1619 2441 1728 2509 vel
1760 2439 2106 2525 indirecte,
2155 2438 2644 2521 quomodolibet
2687 2439 2949 2508 venire.

754 2544 928 2611 Sane
974 2544 1332 2612 statuimus
1370 2546 1647 2627 insuper
1678 2550 1745 2612 et
1779 2546 2214 2629 decernimus,
2260 2548 2434 2626 quod
2479 2546 2539 2611 si
2582 2546 2641 2611 is
2688 2564 2808 2613 seu
2851 2546 2944 2629 hi,

71 2666 95 2715 ‚r
545 2646 659 2727 qui
740 2650 822 2713 de
889 2647 1076 2716 nobis
1161 2649 1422 2715 evocati
1504 2668 1622 2731 pro
1705 2648 1978 2716 ferendo
2053 2650 2243 2717 nobis
2321 2648 2616 2716 subsidio
2701 2669 2932 2716 eorum

544 2752 915 2837 venientes,
963 2758 1185 2819 certas
1232 2759 1472 2836 terraS,
1534 2761 1760 2821 castra
1820 2760 1940 2821 aut
1986 2754 2384 2822 munitiones
2439 2755 2506 2820 in
2565 2754 2941 2836 huiusmodi

544 2856 821 2923 servitio
867 2858 1323 2949 acquisierint,
1365 2858 1698 2939 acquisita
1743 2860 1886 2943 ejus
1933 2864 2150 2944 erunt,
2197 2858 2312 2939 qui
2357 2859 2555 2925 alium
2601 2875 2722 2925 seu
2767 2860 2942 2925 alios

544 2978 662 3041 pro
708 2960 1004 3028 subsidio
1050 2961 1449 3046 imploravit,
1511 2982 1619 3029 res
1674 2981 1836 3029 vero
1882 2964 2156 3030 mobiles
2205 2968 2274 3030 et
2318 2962 2574 3045 captivi
2618 2962 2942 3043 acquisiti

541 3065 953 3145 acquirentis
1000 3072 1199 3133 erunt
1242 3066 1469 3151 libere,
1515 3067 1706 3133 libite
1755 3072 1822 3133 et
1869 3068 2151 3150 impune.

744 3168 827 3235 In
874 3189 1146 3252 quorum
1192 3172 1472 3237 omnium
1518 3169 1965 3237 testimonium
2014 3176 2217 3252 atque
2270 3173 2475 3238 robur
2533 3174 2940 3255 perpetuum

538 3278 929 3354 praesentes
974 3272 1208 3342 literas
1254 3274 1583 3341 conscribi
1632 3279 1702 3340 et
1733 3274 2096 3357 sigillorum
2126 3280 2502 3342 nostrorum
2537 3276 2938 3359 patrociniis

530 3376 849 3458 jussimus
897 3379 1299 3445 communiri.
2433 3372 2441 3387 “

744 3482 993 3549 Datum
1038 3483 1107 3548 in
1154 3483 1341 3549 Ensa
1384 3484 1454 3549 in
1501 3484 1608 3551 die
1655 3484 1718 3551 S.
1767 3483 2072 3569 Dyonisii
2116 3504 2173 3551 a.
2225 3486 2304 3551 D.
2357 3492 2537 3552 1336.

743 3602 954 3691 (Oriq.
974 3605 1149 3673 arch.
1172 3602 1379 3667 aulici
1411 3604 1593 3673 Vind.
1610 3642 1698 3654 —
1715 3602 1953 3690 Chytil·
1975 3606 2102 3673 VII.
2125 3608 2268 3673 132.
2287 3644 2374 3656 -
2389 3604 2605 3671 Emler
2618 3606 2655 3669 I
2673 3604 2731 3673 V.
2747 3604 2935 3691 334.)

739 3780 891 3847 130.
948 3775 1281 3847 Joannes
1328 3797 1465 3847 rex
1512 3780 1906 3850 renuntiat
1949 3780 2150 3850 omni
2187 3779 2352 3869 juri
2399 3783 2477 3850 et
2520 3779 2804 3851 actioni
2851 3778 2932 3849 ei

530 3885 757 3970 atque
802 3882 853 3951 J
856 3880 1083 3951 oanni
1120 3881 1281 3951 filio
1314 3901 1453 3952 suo
1485 3881 1566 3952 in
1598 3882 2018 3970 Carinthia,
2053 3884 2441 3955 Carniolia
2471 3888 2550 3955 et
2578 3884 2928 3958 Marchia

71 4030 365 4069 „amf-
533 3985 1011 4073 competenti.
1354 4070 1363 4077 .

1398 4076 1594 4160 1336,
1640 4079 1706 4145 9.
1756 4075 2058 4146 Octobr.

735 4213 873 4280 Nos
925 4213 972 4278 J
976 4214 1269 4281 ohannes
1326 4214 1406 4280 D.
1454 4234 1549 4297 gr.
1601 4215 1918 4282 Boemiae
1977 4235 2097 4283 rex
2166 4236 2246 4284 ac
2319 4218 2928 4303 Lucemburgensis

526 4334 744 4384 comes
790 4323 1024 4385 tenore
1069 4319 1526 4401 praesentium
1558 4321 2089 4402 recognoscimus
2121 4326 2192 4387 et
2223 4322 2483 4404 publice
2517 4325 2926 4411 profitemur,
