3288 4973
1494 340 1841 401 ...45-

671 545 752 609 In
797 543 986 609 onius
1025 544 1124 609 rei
1157 542 1604 609 testimonium
1637 550 2030 625 praesentes
2064 542 2298 609 literas
2330 543 2477 610 fieri
2510 549 2578 611 et
2612 544 2851 629 sigillis

457 649 844 731 Majestatis
891 649 1183 715 Nostrae
1220 648 1539 731 ,iussimus
1587 648 1993 715 communiri.

669 780 918 845 Datum
963 778 1032 845 in
1079 776 1322 845 castris
1357 796 1562 860 prope
1596 776 1822 843 villam
1856 778 2215 858 Hasulach,
2246 776 2406 843 Idus
2440 778 2853 862 Septembris

463 902 524 949 a.
571 882 652 948 D.
703 890 890 966 1320,
935 884 1126 969 regni
1172 900 1331 949 vero
1378 882 1594 949 nostri
1639 899 1813 947 anno
1860 887 2069 948 sexto.

672 1012 899 1101 (Arch.
939 1011 1006 1079 S.
1047 1012 1246 1076 Wenc.
1281 1050 1364 1061 —-
1407 1011 1697 1077 Vidimus
1728 1012 2029 1095 episcopi
2052 1010 2331 1076 Joanm‘s
2366 1010 2649 1081 Olomuc.
2684 1012 2765 1077 ab
2798 1036 2855 1082 a.

461 1117 652 1183 1339.
677 1152 750 1165 -
775 1116 838 1179 K
837 1116 1016 1181 &hler
1032 1114 1443 1181 Oberlausitz
1459 1116 1513 1181 I.
1527 1117 1775 1182 12:³³.—
1795 1113 2031 1201 Chytil,
2053 1114 2527 1180 Cod.—-Emler
2543 1116 2583 1179 I
2580 1116 2620 1179 I
2616 1116 2657 1179 I
2654 1166 2669 1183 .
2680 1119 2758 1180 61
2768 1118 2855 1204 3.)

667 1312 776 1377 40.
825 1307 1376 1395 Impignoratio
1445 1326 1679 1394 super
1748 1306 1981 1378 Flozz
2037 1310 2116 1376 et
2170 1305 2587 1377 Barkstein
2651 1307 2849 1379 faeta

459 1410 724 1482 [Unico
769 1410 1212 1499 lantgravio
1259 1411 2009 1497 Leuthembergensi.

1397 1544 1590 1627 1321,
1637 1546 1703 1610 4.
1750 1540 1923 1611 Mai.

669 1671 796 1726 List
849 1674 1122 1727 Ludwika
1177 1672 1458 1727 rimskeho
1505 1673 1680 1741 krssle,
1736 1672 1881 1725 kdez
1938 1673 2229 1739 zastavnje
2280 1672 2411 1726 Flos
2461 1690 2495 1727 s.
2551 1673 2851 1729 Parkstein

459 1760 750 1814 Ulriehovi
803 1760 1058 1813 lankrabi
1113 1778 1142 1813 z
1200 1758 1623 1814 Lvickenberka
1680 1774 1711 1811 v
1766 1762 1899 1813 1800
1946 1759 2029 1813 ht.
2088 1762 2196 1813 rez.
2262 1760 2453 1828 penez,
2491 1776 2524 1827 a.
2561 1766 2745 1829 potom
2784 1780 2851 1817 za

457 1848 632 1900 verne
669 1846 864 1914 sluzby
902 1846 1094 1915 zapsal
1131 1860 1223 1901 mu
1259 1862 1333 1901 na
1369 1848 1504 1901 teoh
1542 1846 1794 1901 ztmcieh
1830 1848 1936 1900 400
1974 1845 2055 1899 hr.
2094 1848 2187 1899 teia
2224 1848 2320 1899 fez
2374 1849 2579 1917 penem
2616 1853 2679 1901 tu
2717 1848 2849 1902 take

459 1933 730 2002 zevaznje
769 1948 846 2001 se,
883 1938 950 1987 ie
987 1949 1057 1989 za
1093 1932 1262 1987 sveho
1299 1934 1490 1987 zivota
1525 1936 1689 1987 neme
1728 1932 2011 2001 vyplssceti
2050 1932 2119 1986 od
2156 1932 2298 1986 neho
2352 1933 2443 1986 ani
2493 1932 2561 1987 od
2610 1932 2848 1989 dediefiv

452 2019 606 2089 jeho.
645 2022 740 2089 (A.
779 2020 854 2087 Κ.
894 2050 962 2059 -
999 2022 1178 2075 Εηιιοτ
1217 2022 1317 2073 ΙΙΙ.
1357 2026 1496 2075 674.ἱ

666 2199 774 2264 41.
819 2193 1222 2266 Heinrieus
1268 2195 1362 2264 de
1409 2192 1966 2264 Waldenbereh
2013 2198 2090 2262 et
2125 2192 2493 2265 Albertus
2526 2197 2844 2283 burgra-

457 2300 632 2369 vius
679 2300 772 2369 de
803 2300 1140 2389 Lyzenie
1181 2303 1741 2387 recognoscunt
1772 2319 1855 2369 se
1888 2320 1933 2370 a
1963 2300 2257 2371 Joanne
2290 2319 2473 2385 rege
2507 2306 2840 2371 castrum

457 2407 535 2474 et
579 2404 936 2526 oppidum
983 2404 1258 2494 Budyn
1297 2402 1648 2494 pignoris
1680 2402 1849 2474 loeo
1887 2423 2025 2490 pro
2064 2407 2237 2472 2200
2268 2423 2425 2473 sex,
2460 2424 2579 2491 gr.
2614 2404 2841 2492 Prag.

459 2529 861 2596 recepmse.
1370 2600 1565 2684 1321,
1610 2601 1676 2666 9.
1724 2595 1925 2665 Maii.

666 2737 870 2824 (Arch
935 2735 1001 2802 S.
1057 2738 1260 2803 Wenc.
1309 2774 1394 2786 —-
1441 2735 1659 2799 Emler
1704 2735 1823 2798 ΙΙΙ.
1871 2733 2045 2820 675.)

661 2931 770 2996 42.
843 2925 1398 2996 Promissiones
1465 2924 1636 3012 regi
1706 2923 1987 2994 ‚Ioanni
2048 2943 2093 2992 a
2154 2921 2564 2991 Ludowieo
2636 2923 2839 2992 Rom.

456 3050 640 3118 rege
685 3035 858 3117 post
903 3029 1304 3100 victoriam
1353 3028 1937 3098 Muldorfensem
1984 3027 2251 3096 factae.

1395 3171 1586 3248 1322,
1633 3172 1698 3235 4.
1748 3167 1906 3236 Oct.

659 3327 989 3383 Ludowicns
1027 3342 1124 3382 rex
1163 3327 1213 3382 R
1267 3327 1519 3394 potentia
1554 3324 1787 3379 Joannis
1826 3325 1884 3378 in
1922 3323 2131 3391 proelio
2170 3321 2537 3376 Muldorfensi
2576 3322 2837 3375 suffultus

449 3415 746 3483 gloriosam
785 3415 1076 3470 victoriam
1116 3421 1204 3471 est
1241 3414 1491 3481 adeptus
1549 3411 1893 3466 Promiserat.
1919 3410 2109 3476 itaque
2138 3409 2188 3463 ei
2216 3407 2834 3476 Brandemburgensem

455 3501 768 3571 marchiam,
807 3519 949 3570 quae
987 3519 1086 3572 pro
1123 3507 1255 3556 tunc
1295 3515 1364 3556 ex
1407 3505 1584 3554 morte
1619 3499 1962 3554 Woldemari
2001 3495 2333 3553 marchionis
2388 3495 2597 3562 absque
2648 3494 2837 3549 liberis

453 3591 712 3644 masculis
749 3590 1002 3644 defuncti
1040 3589 1280 3658 vaeavit,
1317 3587 1376 3642 in
1413 3589 1652 3641 ‘feodum
1713 3586 1964 3640 conferre
2019 3592 2079 3639 et
2133 3583 2397 3639 civitates
2448 3581 2835 3648 Aldembureh‚

455 3676 734 3732 Czwiknw
755 3684 814 3732 et
837 3677 1140 3746 Kempnitz
1163 3693 1263 3745 pro
1293 3681 1450 3730 certa
1475 3673 1837 3743 pecuniarum
1861 3688 2071 3726 summa
2099 3671 2267 3725 titulo
2292 3668 2545 3737 pignoris
2564 3666 2835 3735 obligare,

453 3765 602 3818 datis
639 3771 697 3818 et
733 3763 963 3820 vallatis
998 3763 1455 3832 promissionibus
1495 3777 1661 3830 super
1699 3777 1777 3815 eo.
1822 3763 2137 3826 (Pallen-wa.)

658 3925 742 3936 —-
789 3888 914 3953 daz
963 3885 1084 3952 wir
1130 3904 1396 3952 unser-m
1443 3884 1663 3950 lieben
1711 3903 1975 3967 swager
2012 3882 2418 3949 bescheiden
2451 3879 2670 3944 haben
2706 3880 2837 3943 und

451 3993 852 4059 bescheiden
899 4009 982 4057 zu
1028 4009 1266 4058 nemen
1311 3990 1468 4056 aoht
1532 4008 1773 4074 grozze
1832 3997 2109 4071 turnoys
2174 4005 2258 4051 an
2322 3984 2607 4049 Unserm
2670 3982 2836 4047 zolle

453 4116 536 4162 zu
580 4097 988 4179 Becher-ach,
1035 4099 1155 4162 der
1201 4114 1274 4161 er
1334 4095 1518 4160 viere
1578 4095 1677 4160 sol
1737 4112 1972 4161 nemen
2020 4094 2151 4158 und
2208 4089 2537 4156 aufheben
2586 4105 2671 4150 an
2719 4089 2839 4150 der

453 4201 686 4284 sebast,
732 4205 853 4268 der
897 4202 1020 4268 wir
1065 4202 1152 4266 im
1199 4200 1542 4266 schuldieh
1589 4199 1751 4282 sein,
1799 4201 1920 4264 der
1965 4200 2045 4263 do
2109 4196 2197 4260 ist
2260 4194 2547 4258 hundert
2608 4195 2837 4255 tusent

452 4307 662 4386 phunt
707 4306 840 4371 und
889 4305 1282 4371 zweintzieh
1327 4309 1558 4370 tusent
1604 4303 1796 4384 pfunt
1840 4301 2055 4367 haller
2100 4305 2229 4366 ate.
