3288 4973
1311 334 1732 423 -399-.

304 537 506 620 mileS,
552 538 783 618 clienS‚
828 538 1106 604 clericus
1154 538 1297 603 sive
1342 537 1570 621 laicus,
1634 536 1802 603 civis
1849 544 1966 601 aut
2015 538 2232 603 civilis
2279 539 2691 604 universitas

303 658 420 706 seu
467 642 785 709 clericale
829 644 1193 727 collegium,
1240 662 1360 711 seu
1406 643 1543 710 alia
1597 660 2029 723 quaecunque
2077 661 2360 723 persona
2423 644 2694 710 ecclesi·

305 746 520 813 astica
587 747 698 811 vel
768 747 1088 815 secularis
1158 766 1585 827 quoscunque
1665 746 1962 813 homines
2031 754 2299 813 nostros
2369 748 2698 813 dictarum

304 854 657 932 terrarum,
702 852 1135 919 dominiorum
1181 858 1253 918 et
1298 853 1722 919 districtuum
1781 858 2175 932 nostrorum,
2239 852 2689 935 cujuscunque

308 960 547 1037 statue,
595 957 844 1038 gradus
892 974 1009 1022 seu
1056 956 1455 1022 conditionis
1502 956 1820 1035 existant,
1883 974 1999 1037 pro
2047 973 2436 1035 quacunque
2492 974 2698 1021 causa

306 1058 506 1143 civili,
556 1059 884 1125 criminali
916 1078 1034 1127 seu
1065 1061 1273 1127 mixta
1306 1063 1392 1126 ad
1433 1060 1566 1127 alia
1600 1076 2035 1139 quaecunque
2057 1059 2314 1143 ¹iudicia
2367 1059 2697 1125 secularia

308 1168 503 1229 extra
549 1163 803 1230 dictum
850 1164 1245 1236 districtum.
1284 1164 1607 1247 judicium
1655 1182 1773 1229 seu
1831 1162 2241 1230 territorium
2304 1164 2518 1230 citare
2577 1182 2696 1229 seu

308 1286 594 1334 evocare
640 1281 1090 1350 praesumant,
1152 1288 1270 1336 seu
1328 1286 1784 1351 quemcunque
1845 1268 2190 1351 hominem,
2251 1269 2452 1334 etiam
2514 1286 2696 1335 reum

308 1373 569 1439 notorie
640 1380 759 1439 aut
833 1393 1025 1454 quem
1099 1376 1169 1441 in
1246 1375 1388 1457 ipso
1464 1374 1787 1441 maleficio
1873 1372 2124 1439 actuali
2181 1371 2464 1455 fugitivo
2531 1374 2702 1455 pede

308 1477 744 1557 insequentes
818 1478 948 1561 ipsi
1021 1478 1275 1547 fuerint
1349 1480 1707 1563 persecuti,
1781 1480 1862 1543 de
1929 1476 2293 1559 praedictis
2360 1477 2564 1543 terris
2627 1484 2696 1541 et

296 1582 573 1669 judiciis
618 1583 871 1648 nostris
918 1589 1231 1665 potenter
1274 1583 1559 1667 auferre,
1605 1582 1735 1649 nisi
1779 1585 1858 1649 de
1883 1580 2181 1664 judicum
2213 1586 2282 1646 et
2316 1581 2697 1648 officialium

311 1694 712 1770 nostrorum,
778 1688 1157 1767 quorumint
1212 1688 1509 1769 erfuerit,
1558 1689 1860 1771 scientia,
1906 1689 2217 1753 mandato
2265 1705 2382 1752 seu
2429 1686 2702 1753 licentia

310 1790 621 1873 speciali;
668 1794 973 1873 quodque
1028 1792 1191 1859 nulli
1240 1793 1503 1874 penitus
1550 1793 1879 1857 hominum
1934 1793 2014 1857 de
2069 1792 2259 1858 bonis
2315 1800 2385 1856 et
2441 1809 2697 1872 posses-

312 1896 609 1963 sionibus
656 1896 1174 1977 quibuscunque,
1220 1896 1373 1963 sitis
1420 1898 1490 1962 in
1536 1896 1756 1976 terriS,
1820 1895 2200 1977 territoriiS,
2261 1896 2568 1961 dominiis
2627 1902 2697 1961 et

312 1999 735 2067 districtibus
803 2002 1053 2066 nostris
1116 2002 1497 2082 praedictis,
1557 2001 1760 2066 liceat
1821 1999 1980 2066 alibi
2039 2018 2256 2065 coram
2304 2018 2696 2081 quocunque

302 2106 545 2187 judice,
587 2104 1052 2189 jurisdictione
1100 2110 1169 2170 et
1216 2104 1537 2186 dominiiS,
1586 2110 2052 2186 praeterquam
2085 2114 2154 2168 et
2186 2122 2406 2169 coram
2441 2106 2690 2171 nostris

306 2209 643 2292 judicibus
708 2209 1245 2290 provincialibuS‚
1308 2228 1581 2289 quorum
1663 2206 2064 2288 interfuerit,
2136 2214 2205 2272 et
2267 2226 2486 2274 coram
2545 2228 2702 2274 con·

312 2314 601 2379 sistoriis
633 2331 753 2379 seu
798 2314 1148 2407 sebrannis
1186 2314 1585 2397 judiciorum
1618 2314 2121 2395 provincialium
2156 2310 2448 2393 praefati
2479 2313 2693 2378 nostri

313 2418 585 2484 dominii
633 2420 1056 2500 respondere.
2207 2422 2210 2427 ·

525 2523 848 2608 Quodque
896 2524 1095 2588 etiam
1158 2522 1323 2589 nulli
1386 2524 1667 2605 penituS,
1728 2529 1803 2587 ut
1865 2522 2340 2604 praemittitur,
2401 2533 2700 2603 praeter-

315 2647 511 2708 quam
574 2625 785 2708 nobis,
854 2627 1210 2692 heredibus
1273 2639 1342 2692 et
1410 2627 1908 2692 successoribus
1958 2628 2221 2706 nostriS‚
2287 2625 2556 2707 regibus
2609 2627 2702 2708 B.,

315 2732 519 2799 liceat
564 2731 633 2796 in
680 2729 1043 2812 praedictis
1088 2732 1293 2796 terris
1340 2733 1587 2797 nostris
1636 2737 1706 2796 et
1753 2730 2059 2796 dominiis
2107 2733 2354 2798 habere
2404 2731 2699 2796 homines

314 2835 708 2920 hujusmodi,
739 2835 851 2915 qui
876 2835 1255 2902 mundleute
1286 2835 1658 2919 vulgariter
1688 2835 2133 2917 appellantur,
2165 2841 2234 2901 et
2270 2837 2442 2914 quod
2475 2853 2700 2900 omnes

317 2947 383 3006 et
428 2939 700 3022 singuli,
746 2940 935 3024 cujus
982 2940 1185 3006 etiam
1231 2942 1497 3021 graduS,
1543 2939 1812 3004 honoris
1862 2947 1930 3003 et
1977 2946 2198 3003 status
2260 2937 2527 3019 fuerint,
2589 2939 2704 3018 qui

317 3062 387 3110 se
432 3046 765 3112 adversus
814 3062 1242 3125 quoscunque
1288 3043 1591 3111 subditos
1637 3051 1904 3109 nostros
1952 3045 2019 3108 in
2061 3043 2262 3108 terris
2297 3052 2367 3107 et
2399 3043 2704 3109 dominiis

317 3149 571 3216 nostris
616 3147 943 3230 praefatis
982 3151 1093 3234 jus
1140 3155 1260 3215 aut
1318 3149 1650 3214 actionem
1715 3149 1965 3214 habere
2028 3147 2514 3226 contenderint,
2574 3166 2706 3212 non

316 3253 476 3318 alibi
526 3253 653 3318 nisi
702 3254 1029 3319 duntaxat
1076 3271 1295 3319 coram
1338 3252 1675 3335 judicibus
1725 3252 1975 3317 nostris
2025 3250 2565 3332 provincialibuS,
2631 3259 2708 3316 ut

319 3357 759 3442 praedicitur,
782 3359 851 3424 in
876 3359 1037 3424 locis
1065 3358 1403 3424 consuetis
1436 3357 1776 3437 accipiant
1799 3356 2108 3440 justitiae
2142 3356 2707 3435 complementum.

317 3461 395 3527 In
458 3460 728 3528 defectu
790 3480 953 3528 vero
1006 3461 1333 3545 justitiae,
1396 3469 1555 3542 puta
1616 3461 1674 3524 si
1728 3459 1990 3540 judices
2054 3461 2121 3524 in
2181 3459 2705 3525 administrando

310 3563 649 3646 justitiam
696 3585 768 3632 se
816 3566 1022 3651 (quod
1068 3565 1274 3651 absit)
1322 3564 1740 3648 negligentes
1783 3565 2160 3645 redderent,
2193 3575 2310 3628 aut
2345 3564 2402 3629 si
2436 3572 2709 3644 propter

317 3669 743 3750 iniquitatem
788 3671 1167 3736 sententiae
1216 3688 1288 3736 se
1336 3669 1483 3749 quis
1529 3670 2016 3736 lamentaretur
2063 3685 2472 3751 oppressum,
2505 3667 2706 3733 liceat

321 3775 517 3856 parti,
585 3776 775 3858 cujus
842 3773 1247 3856 interfuerit,
1315 3775 1385 3838 in
1445 3792 1603 3838 casu
1675 3772 2002 3840 dictorum
2085 3771 2536 3854 gravaminum
2620 3773 2705 3836 ad

320 3885 637 3959 nostram,
684 3879 1001 3945 heredum
1049 3884 1117 3945 et
1164 3896 1622 3945 suceessorum
1671 3883 2062 3958 nostrorum,
2110 3894 2340 3960 regum
2385 3875 2712 3956 Boemiae,

322 3983 721 4049 auditoriam
766 3965 1127 4066 appellare,
1176 3999 1249 4048 ut
1295 3989 1456 4048 tunc
1502 3982 1914 4062 quaestionis
1965 3981 2274 4046 dubietas
2322 3981 2514 4062 juxta
2558 3997 2710 4045 con-

322 4087 586 4170 dignum
635 4105 756 4169 per
801 4105 949 4153 eum
986 4086 1296 4170 judicem,
1343 4104 1538 4166 quem
1584 4103 1814 4166 regum
1866 4087 1935 4150 B.
1983 4093 2177 4166 grata
2213 4083 2502 4164 provisio
2537 4084 2712 4148 dele·

324 4193 611 4273 gaudum
689 4191 977 4272 duxerit,
1040 4193 1298 4258 ratione
1375 4191 1654 4271 praevia
1732 4189 2096 4255 dirimatur.
2166 4192 2225 4253 A
2292 4205 2422 4267 qua
2489 4195 2715 4254 tamen

324 4297 664 4362 sententia
724 4314 856 4361 non
916 4295 1103 4377 alias
1176 4295 1303 4360 nisi
1364 4298 1448 4358 ad
1511 4294 1868 4358 illustrium
1944 4311 2170 4374 regum
2240 4292 2311 4355 B.
2381 4309 2710 4360 cameram
