3288 4973
1545 366 1629 376 --
1682 335 1932 396 120—

530 548 601 609 et
648 540 1179 622 sollempnitates
1241 554 1692 619 quascumque
1735 535 1902 602 inibi
1945 535 2293 620 appositas
2340 541 2412 602 et
2457 553 2678 602 eorum
2729 537 2927 616 quod-

532 645 699 713 libet
769 649 940 727 rata,
1009 647 1221 727 grata,
1305 643 1493 708 firma
1552 644 1622 706 et
1683 639 2173 724 irrefragabilia
2233 659 2313 706 ac
2373 639 2930 708 incommutabilia

540 755 781 816 exacta
825 749 1187 834 diligencia
1232 754 1467 813 tenere
1513 745 1820 813 benivole
1867 751 1938 812 et
1999 746 2249 812 habere
2311 764 2391 811 ac
2453 743 2931 814 inviolabiliter

533 857 915 937 obseruare,
946 852 1119 918 omni
1152 852 1323 918 malo
1348 848 1631 933 ingenio,
1657 849 1805 916 dolo
1832 853 1904 917 et
1925 850 2147 917 studio
2171 849 2440 932 penitus
2465 851 2694 932 procul
2717 850 2930 917 motis

740 959 1053 1027 Ceterum
1128 953 1497 1038 praedictis
1568 953 1826 1036 treugis
1886 960 1956 1022 et
2017 955 2308 1036 ipsarum
2368 955 2791 1036 pactionibus
2849 973 2930 1020 ac

532 1061 1119 1131 interiectionibus
1140 1059 1447 1142 superius
1472 1057 1848 1142 nominatis,
1890 1058 2272 1141 magnificos
2299 1057 2654 1142 principes,
2679 1057 2928 1126 fratres

532 1173 798 1234 nostros
835 1165 1233 1248 carissim08‚
1264 1163 1559 1230 dominos
1598 1161 1915 1230 Karolum
1954 1163 2278 1230 illustrem
2317 1164 2652 1246 Ungariae
2687 1181 2929 1250 regem,

532 1291 793 1340 necnon
850 1268 1269 1336 Premislium
1326 1267 1778 1335 Siradiensem
1825 1271 1896 1333 et
1940 1267 2362 1335 Wlodkonen
2425 1268 2930 1336 Lanciciensem

532 1378 755 1460 duceS,
818 1373 1287 1456 praesentibus
1333 1372 1640 1438 duximus
1705 1371 2138 1439 includendos
2199 1379 2272 1438 et
2326 1372 2757 1456 includimus,
2817 1373 2930 1454 qui

531 1481 797 1562 quidem
842 1477 1129 1560 dominis
1152 1494 1274 1543 rex
1318 1480 1392 1542 et
1435 1476 1638 1542 duces
1688 1476 2035 1560 praedicti,
2083 1475 2266 1559 ipsas
2325 1481 2597 1559 treugas
2643 1479 2928 1560 firmare,

534 1600 928 1651 assecurare
976 1587 1046 1648 et
1092 1582 1469 1663 approbare
1530 1580 1779 1646 debent
1840 1599 1962 1662 per
2007 1599 2164 1647 suas
2210 1581 2480 1649 litteras
2525 1585 2596 1646 et
2641 1580 2927 1663 scriptu·

534 1707 756 1756 rarum
802 1685 1207 1752 munimenta
1252 1701 1509 1750 necnon
1556 1683 1866 1752 cautione
1911 1685 2330 1753 fideiussoria
2376 1704 2640 1752 suorum
2694 1691 2766 1752 et
2808 1704 2928 1767 per

534 1812 689 1860 suos
736 1792 1009 1858 idoneos
1054 1788 1367 1857 vasallos.
1413 1787 1599 1854 Idem
1647 1807 1806 1856 vero
1852 1788 2174 1873 dominus,
2226 1789 2570 1858 Moraviae
2614 1789 2926 1870 marchio,

534 1898 601 1963 id
648 1897 861 1978 ipsum
906 1893 1071 1976 ipsis
1118 1891 1420 1976 dominiS,
1465 1892 1609 1975 regi
1671 1893 2007 1977 Ungariae
2068 1898 2140 1960 et
2199 1896 2478 1962 ducibus
2539 1893 2922 1976 praedictis,

534 2001 757 2068 facere
802 2003 875 2066 et
920 2014 1313 2066 assecurare
1360 1995 1652 2063 debebit.

740 2103 916 2170 Sane
958 2103 1232 2183 insuper
1276 2101 1625 2186 adjicimus
1671 2106 1742 2167 et
1787 2102 2250 2186 promittimus,
2299 2104 2488 2186 quod,
2536 2103 2594 2169 si
2630 2101 2919 2169 fortasse

536 2209 738 2296 (quod
809 2207 1015 2294 absit)
1080 2207 1367 2288 aliquem
1436 2206 1541 2272 vel
1602 2205 1860 2288 aliquos
1931 2225 2014 2273 ex
2082 2211 2330 2274 nostris
2399 2207 2580 2291 ipsas
2648 2212 2922 2292 treugas

535 2313 642 2380 vel
700 2329 925 2378 earum
994 2309 1495 2377 interiectiones
1562 2317 1631 2376 et
1698 2312 2114 2378 conditiones
2183 2311 2434 2380 violare
2502 2319 2620 2380 aut
2689 2317 2924 2378 contra

536 2435 653 2483 eas
698 2415 918 2497 aliquo
961 2433 1122 2482 casu
1150 2414 1258 2484 vel
1290 2417 1481 2481 modo
1514 2415 1747 2482 venire
1779 2417 2144 2501 contingat,
2191 2423 2438 2483 extunc
2483 2419 2567 2483 ad
2616 2416 2922 2483 denunci-

535 2522 827 2588 ationem
888 2525 958 2586 et
1015 2520 1440 2587 monitionem
1501 2520 1709 2587 solam
1769 2527 1840 2587 et
1902 2520 2164 2588 vnicam
2225 2522 2390 2589 dicti
2452 2521 2696 2589 domini
2757 2540 2924 2588 mar-

541 2624 795 2692 chionis
871 2625 957 2692 M.
1032 2623 1283 2691 factam
1358 2623 1621 2706 publice
1698 2624 1766 2690 in
1841 2629 2066 2691 castro
2142 2624 2250 2691 vel
2326 2625 2605 2693 civitate
2680 2626 2925 2709 Kaliss,

538 2748 661 2796 nos
706 2732 973 2795 nostros
1018 2729 1287 2795 nuntios
1336 2734 1405 2794 et
1449 2727 1968 2795 ambassiatores
2013 2728 2287 2796 idoneos
2333 2732 2418 2797 ad
2465 2730 2692 2797 Kaliss
2753 2730 2928 2797 infra

540 2832 829 2915 spatium
905 2834 1176 2901 duorum
1243 2832 1563 2900 mensium
1634 2850 1675 2899 a
1741 2832 1852 2899 die
1926 2832 2466 2901 denunciacionis
2539 2835 2926 2917 praedictae

540 2936 851 3003 continue
896 2937 1451 3003 numerandorum
1496 2937 1958 3003 transmittere
1989 2938 2287 3005 volumus
2321 2943 2391 3004 et
2421 2944 2741 3005 tenemur.
2772 2938 2926 3021 Ipse

540 3059 701 3109 vero
776 3040 977 3106 etiam
1052 3040 1350 3106 dominus
1419 3040 1715 3107 marchio
1795 3041 1881 3108 M.
1942 3060 2094 3108 suos
2161 3040 2390 3109 Kaliss
2459 3042 2798 3110 tenebitur
2856 3048 2926 3111 et

543 3144 815 3212 debebit
853 3144 1033 3210 infra
1078 3143 1293 3209 dictos
1342 3145 1503 3210 duos
1563 3161 1828 3212 menses
1887 3146 2229 3213 destinare
2274 3146 2570 3232 nuncioS,
2632 3150 2922 3231 proposi-

542 3256 643 3314 tur
655 3268 728 3315 os
763 3253 832 3314 et
863 3248 1437 3315 demonstraturos
1470 3248 1708 3315 saltem
1743 3250 1976 3316 Vltima
1999 3250 2106 3316 die
2133 3251 2624 3332 praedictorum
2654 3254 2924 3321 duorum

544 3352 881 3435 mensium,
941 3350 1073 3417 nisi
1136 3350 1520 3437 saepefatus
1569 3352 1867 3421 dominus
1910 3355 2206 3422 marchio
2253 3358 2340 3423 M.
2387 3362 2457 3423 et
2502 3376 2622 3423 nos
2667 3357 2754 3423 de
2797 3358 2928 3424 alia

546 3456 655 3523 die
700 3453 1132 3536 anticipanda
1178 3455 1286 3522 vel
1332 3457 1788 3541 posterganda
1827 3458 2176 3543 contingat
2206 3458 2498 3529 fortasse
2529 3460 2928 3529 vnanimiter

545 3561 969 3643 concordare,
1014 3559 1276 3640 quoties
1322 3560 1431 3626 vel
1483 3562 1820 3644 quomod0‚
1867 3562 2157 3642 qualiter
2218 3582 2336 3631 seu
2383 3584 2504 3647 per
2559 3568 2926 3647 quempiam

546 3665 735 3747 ipsae
809 3669 1088 3749 treugae
1164 3664 1413 3731 fuerint
1487 3663 1798 3749 violatae,
1858 3672 2377 3749 recepturosque
2436 3668 2682 3736 ibidem
2738 3670 2925 3738 iuxta

546 3770 863 3835 bonorum
907 3768 1197 3835 virorum
1252 3767 1599 3835 arbitrium
1660 3770 1744 3834 ad
1804 3771 1931 3837 hoc
1987 3774 2420 3839 communiter
2479 3774 2928 3857 eligendorum

548 3889 750 3954 super
816 3870 1098 3938 obiectis
1166 3876 1237 3939 et
1310 3871 1517 3939 illatis
1594 3873 1896 3955 dampnis
1972 3878 2043 3940 et
2116 3875 2377 3942 iniuriis
2449 3879 2791 3945 emendam
2865 3884 2931 3944 et

548 3975 1077 4044 satisfactionem
1139 3981 1641 4058 competentem.
1718 3976 1894 4059 Ipsis
1971 3984 2191 4045 autem
2264 3982 2528 4049 nunciis
2602 3983 2930 4064 praedicti

549 4078 794 4145 domini
858 4077 1259 4146 marchionis
1306 4080 1393 4145 M.
1441 4081 1742 4146 volumus
1791 4086 1862 4148 et
1921 4082 2365 4163 promittimus
2429 4087 2513 4151 de
2573 4103 2807 4154 securo
2871 4092 2938 4155 et

547 4183 758 4251 libero
790 4183 1143 4265 providere
1175 4185 1527 4268 conductu,
1556 4184 1825 4267 incepto
1857 4192 1928 4252 et
1957 4185 2269 4269 inchoato
2292 4187 2360 4256 in
2389 4190 2604 4257 Barcz
2629 4192 2937 4260 veniendi

551 4287 762 4371 Kalis,
809 4291 879 4353 et
923 4287 1017 4354 ibi
1061 4288 1447 4374 placitandi,
1492 4289 1736 4373 standi,
1783 4292 2166 4359 demorandi
2212 4298 2282 4359 et
2325 4294 2568 4362 abinde
2615 4297 2701 4361 ad
2748 4315 2934 4382 prae-

2980 5 3224 151 ,Ὗ

3187 634 3216 1987 una-,w
3188 356 3215 621 Q-
