<?xml version="1.0" encoding="UTF-8"?>
<!DOCTYPE html PUBLIC "-//W3C//DTD XHTML 1.0 Transitional//EN"
    "http://www.w3.org/TR/xhtml1/DTD/xhtml1-transitional.dtd">
<html xmlns="http://www.w3.org/1999/xhtml" xml:lang="en" lang="en">
 <head>
  <title>
</title>
<meta http-equiv="Content-Type" content="text/html;charset=utf-8" />
  <meta name='ocr-system' content='tesseract 3.04.00' />
  <meta name='ocr-capabilities' content='ocr_page ocr_carea ocr_par ocr_line ocrx_word'/>
</head>
<body>
  <div class='ocr_page' id='page_1' title='image "./codexjurisbohem00bohegoog_0408.png"; bbox 0 0 3288 4973; ppageno 0'>
   <div class='ocr_carea' id='block_1_1' title="bbox 1604 373 1988 432">
    <p class='ocr_par' dir='ltr' id='par_1_1' title="bbox 1604 373 1988 432">
     <span class='ocr_line' id='line_1_1' title="bbox 1604 373 1988 432; baseline 0.003 -1"><span class='ocrx_word' id='word_1_1' title='bbox 1604 373 1988 432; x_wconf 81' lang='lat'><strong>—394—</strong></span> 
     </span>
    </p>
   </div>
   <div class='ocr_carea' id='block_1_2' title="bbox 599 574 2992 4413">
    <p class='ocr_par' dir='ltr' id='par_1_2' title="bbox 602 574 2987 1180">
     <span class='ocr_line' id='line_1_2' title="bbox 605 574 2986 660; baseline 0.001 -22"><span class='ocrx_word' id='word_1_2' title='bbox 605 574 779 640; x_wconf 87' lang='lat' dir='ltr'>sicut</span> <span class='ocrx_word' id='word_1_3' title='bbox 824 593 905 638; x_wconf 83' lang='lat' dir='ltr'>ex</span> <span class='ocrx_word' id='word_1_4' title='bbox 951 574 1276 640; x_wconf 88' lang='lat' dir='ltr'>divisione</span> <span class='ocrx_word' id='word_1_5' title='bbox 1324 593 1675 655; x_wconf 78' lang='lat' dir='ltr'>regnorum</span> <span class='ocrx_word' id='word_1_6' title='bbox 1723 575 2140 641; x_wconf 78' lang='lat' dir='ltr'><strong>calamitates</strong></span> <span class='ocrx_word' id='word_1_7' title='bbox 2174 575 2548 641; x_wconf 81' lang='lat' dir='ltr'><strong>horrendae</strong></span> <span class='ocrx_word' id='word_1_8' title='bbox 2581 581 2986 660; x_wconf 73' lang='lat' dir='ltr'>consurgunt</span> 
     </span>
     <span class='ocr_line' id='line_1_3' title="bbox 604 677 2987 762; baseline 0.001 -19"><span class='ocrx_word' id='word_1_9' title='bbox 604 687 674 744; x_wconf 85' lang='lat' dir='ltr'>et</span> <span class='ocrx_word' id='word_1_10' title='bbox 743 678 1013 743; x_wconf 83' lang='lat' dir='ltr'>odiosae</span> <span class='ocrx_word' id='word_1_11' title='bbox 1082 677 1429 746; x_wconf 79' lang='lat' dir='ltr'>seditionis</span> <span class='ocrx_word' id='word_1_12' title='bbox 1498 681 1815 744; x_wconf 85' lang='lat' dir='ltr'>scandalo</span> <span class='ocrx_word' id='word_1_13' title='bbox 1885 679 2174 746; x_wconf 87' lang='lat' dir='ltr'>fidelium</span> <span class='ocrx_word' id='word_1_14' title='bbox 2245 679 2726 762; x_wconf 79' lang='lat' dir='ltr'>regnicolarum</span> <span class='ocrx_word' id='word_1_15' title='bbox 2803 684 2987 762; x_wconf 87' lang='lat' dir='ltr'>quies</span> 
     </span>
     <span class='ocr_line' id='line_1_4' title="bbox 602 783 2986 868; baseline 0.002 -20"><span class='ocrx_word' id='word_1_16' title='bbox 602 783 988 848; x_wconf 86' lang='lat' dir='ltr'>desiderata</span> <span class='ocrx_word' id='word_1_17' title='bbox 1056 785 1502 867; x_wconf 81' lang='lat' dir='ltr'>contunditur,</span> <span class='ocrx_word' id='word_1_18' title='bbox 1568 783 1670 850; x_wconf 88' lang='lat' dir='ltr'>sic</span> <span class='ocrx_word' id='word_1_19' title='bbox 1735 785 2047 850; x_wconf 78' lang='lat' dir='ltr'>adunatis</span> <span class='ocrx_word' id='word_1_20' title='bbox 2111 787 2294 864; x_wconf 81' lang='lat' dir='ltr'>regni</span> <span class='ocrx_word' id='word_1_21' title='bbox 2358 783 2613 852; x_wconf 82' lang='lat' dir='ltr'>viribus</span> <span class='ocrx_word' id='word_1_22' title='bbox 2675 785 2746 852; x_wconf 91' lang='lat' dir='ltr'>in</span> <span class='ocrx_word' id='word_1_23' title='bbox 2807 787 2986 868; x_wconf 87' lang='lat' dir='ltr'>pacis</span> 
     </span>
     <span class='ocr_line' id='line_1_5' title="bbox 604 887 2985 970; baseline 0.001 -17"><span class='ocrx_word' id='word_1_24' title='bbox 604 887 1117 969; x_wconf 82' lang='lat' dir='ltr'>pulchritudine,</span> <span class='ocrx_word' id='word_1_25' title='bbox 1198 889 1265 954; x_wconf 90' lang='lat' dir='ltr'>in</span> <span class='ocrx_word' id='word_1_26' title='bbox 1340 889 1621 955; x_wconf 87' lang='lat' dir='ltr'>fiduciae</span> <span class='ocrx_word' id='word_1_27' title='bbox 1697 887 2152 954; x_wconf 85' lang='lat' dir='ltr'>tabernaculis</span> <span class='ocrx_word' id='word_1_28' title='bbox 2229 897 2300 954; x_wconf 91' lang='lat' dir='ltr'>et</span> <span class='ocrx_word' id='word_1_29' title='bbox 2366 889 2686 969; x_wconf 86' lang='lat' dir='ltr'>opulenta</span> <span class='ocrx_word' id='word_1_30' title='bbox 2759 891 2985 970; x_wconf 85' lang='lat' dir='ltr'>requie</span> 
     </span>
     <span class='ocr_line' id='line_1_6' title="bbox 603 991 2985 1076; baseline 0.001 -20"><span class='ocrx_word' id='word_1_31' title='bbox 603 991 816 1056; x_wconf 84' lang='lat' dir='ltr'>fidelis</span> <span class='ocrx_word' id='word_1_32' title='bbox 880 993 1158 1074; x_wconf 90' lang='lat' dir='ltr'>populus</span> <span class='ocrx_word' id='word_1_33' title='bbox 1221 992 1634 1076; x_wconf 75' lang='lat' dir='ltr'>conquiescit</span> <span class='ocrx_word' id='word_1_34' title='bbox 1695 1001 1765 1059; x_wconf 91' lang='lat' dir='ltr'>et</span> <span class='ocrx_word' id='word_1_35' title='bbox 1823 991 2035 1074; x_wconf 85' lang='lat' dir='ltr'>gratis</span> <span class='ocrx_word' id='word_1_36' title='bbox 2097 993 2394 1059; x_wconf 87' lang='lat' dir='ltr'>laetatur</span> <span class='ocrx_word' id='word_1_37' title='bbox 2451 993 2806 1059; x_wconf 87' lang='lat' dir='ltr'>commodis</span> <span class='ocrx_word' id='word_1_38' title='bbox 2867 996 2985 1059; x_wconf 91' lang='lat' dir='ltr'>snb</span> 
     </span>
     <span class='ocr_line' id='line_1_7' title="bbox 602 1096 1869 1180; baseline 0.001 -21"><span class='ocrx_word' id='word_1_39' title='bbox 602 1102 797 1179; x_wconf 82' lang='lat' dir='ltr'>grato</span> <span class='ocrx_word' id='word_1_40' title='bbox 846 1096 1162 1178; x_wconf 76' lang='lat' dir='ltr'>regimine</span> <span class='ocrx_word' id='word_1_41' title='bbox 1210 1096 1529 1179; x_wconf 88' lang='lat' dir='ltr'>principis</span> <span class='ocrx_word' id='word_1_42' title='bbox 1574 1097 1869 1180; x_wconf 85' lang='lat' dir='ltr'>gratiosi.</span> 
     </span>
    </p>

    <p class='ocr_par' dir='ltr' id='par_1_3' title="bbox 599 1199 2992 4413">
     <span class='ocr_line' id='line_1_8' title="bbox 814 1199 2986 1284; baseline 0.002 -20"><span class='ocrx_word' id='word_1_43' title='bbox 814 1199 1006 1282; x_wconf 90' lang='lat' dir='ltr'>Sane,</span> <span class='ocrx_word' id='word_1_44' title='bbox 1068 1201 1549 1281; x_wconf 77' lang='lat' dir='ltr'>desideranteS,</span> <span class='ocrx_word' id='word_1_45' title='bbox 1609 1210 1685 1267; x_wconf 89' lang='lat' dir='ltr'>ut</span> <span class='ocrx_word' id='word_1_46' title='bbox 1746 1201 1934 1284; x_wconf 85' lang='lat' dir='ltr'>regni</span> <span class='ocrx_word' id='word_1_47' title='bbox 1997 1201 2210 1268; x_wconf 86' lang='lat' dir='ltr'>nostri</span> <span class='ocrx_word' id='word_1_48' title='bbox 2277 1201 2604 1282; x_wconf 80' lang='lat' dir='ltr'>praedicti</span> <span class='ocrx_word' id='word_1_49' title='bbox 2649 1201 2723 1266; x_wconf 92' lang='lat' dir='ltr'>B.</span> <span class='ocrx_word' id='word_1_50' title='bbox 2769 1203 2986 1268; x_wconf 88' lang='lat' dir='ltr'>multi-</span> 
     </span>
     <span class='ocr_line' id='line_1_9' title="bbox 605 1304 2988 1387; baseline 0.002 -19"><span class='ocrx_word' id='word_1_51' title='bbox 605 1304 872 1385; x_wconf 74' lang='lat' dir='ltr'>pliciter</span> <span class='ocrx_word' id='word_1_52' title='bbox 916 1306 1157 1370; x_wconf 88' lang='lat' dir='ltr'>dudum</span> <span class='ocrx_word' id='word_1_53' title='bbox 1204 1317 1479 1387; x_wconf 86' lang='lat' dir='ltr'>sperata</span> <span class='ocrx_word' id='word_1_54' title='bbox 1537 1306 1828 1374; x_wconf 85' lang='lat' dir='ltr'>felicitas</span> <span class='ocrx_word' id='word_1_55' title='bbox 1887 1325 1968 1373; x_wconf 86' lang='lat' dir='ltr'>ex</span> <span class='ocrx_word' id='word_1_56' title='bbox 2021 1307 2444 1372; x_wconf 84' lang='lat' dir='ltr'>ubertatibus</span> <span class='ocrx_word' id='word_1_57' title='bbox 2505 1321 2576 1372; x_wconf 89' lang='lat' dir='ltr'>et</span> <span class='ocrx_word' id='word_1_58' title='bbox 2635 1307 2988 1372; x_wconf 85' lang='lat' dir='ltr'>commodis</span> 
     </span>
     <span class='ocr_line' id='line_1_10' title="bbox 605 1409 2988 1493; baseline 0 -18"><span class='ocrx_word' id='word_1_59' title='bbox 605 1419 954 1492; x_wconf 88' lang='lat' dir='ltr'>augmento</span> <span class='ocrx_word' id='word_1_60' title='bbox 1000 1409 1179 1476; x_wconf 89' lang='lat' dir='ltr'>felici</span> <span class='ocrx_word' id='word_1_61' title='bbox 1228 1411 1549 1493; x_wconf 84' lang='lat' dir='ltr'>proficiat,</span> <span class='ocrx_word' id='word_1_62' title='bbox 1594 1411 1834 1492; x_wconf 87' lang='lat' dir='ltr'>quibus</span> <span class='ocrx_word' id='word_1_63' title='bbox 1881 1419 2016 1477; x_wconf 88' lang='lat' dir='ltr'>tam</span> <span class='ocrx_word' id='word_1_64' title='bbox 2081 1416 2362 1476; x_wconf 84' lang='lat' dir='ltr'>naturae</span> <span class='ocrx_word' id='word_1_65' title='bbox 2429 1411 2798 1491; x_wconf 82' lang='lat' dir='ltr'>proceritas</span> <span class='ocrx_word' id='word_1_66' title='bbox 2860 1410 2988 1476; x_wconf 91' lang='lat' dir='ltr'>sin-</span> 
     </span>
     <span class='ocr_line' id='line_1_11' title="bbox 603 1513 2990 1596; baseline 0.001 -18"><span class='ocrx_word' id='word_1_67' title='bbox 603 1513 819 1596; x_wconf 81' lang='lat' dir='ltr'>gulari</span> <span class='ocrx_word' id='word_1_68' title='bbox 888 1516 1171 1593; x_wconf 88' lang='lat' dir='ltr'>quadam</span> <span class='ocrx_word' id='word_1_69' title='bbox 1242 1513 1601 1591; x_wconf 77' lang='lat' dir='ltr'>influentia,</span> <span class='ocrx_word' id='word_1_70' title='bbox 1671 1535 1866 1596; x_wconf 88' lang='lat' dir='ltr'>quam</span> <span class='ocrx_word' id='word_1_71' title='bbox 1927 1516 2152 1581; x_wconf 88' lang='lat' dir='ltr'>clarae</span> <span class='ocrx_word' id='word_1_72' title='bbox 2213 1514 2567 1581; x_wconf 86' lang='lat' dir='ltr'>memoriae</span> <span class='ocrx_word' id='word_1_73' title='bbox 2635 1514 2990 1581; x_wconf 85' lang='lat' dir='ltr'>illustrium</span> 
     </span>
     <span class='ocr_line' id='line_1_12' title="bbox 604 1619 2992 1702; baseline 0 -18"><span class='ocrx_word' id='word_1_74' title='bbox 604 1620 929 1698; x_wconf 89' lang='lat' dir='ltr'>quondam</span> <span class='ocrx_word' id='word_1_75' title='bbox 978 1637 1203 1699; x_wconf 83' lang='lat' dir='ltr'>regum</span> <span class='ocrx_word' id='word_1_76' title='bbox 1250 1619 1343 1700; x_wconf 91' lang='lat' dir='ltr'>B.,</span> <span class='ocrx_word' id='word_1_77' title='bbox 1397 1631 1744 1700; x_wconf 87' lang='lat' dir='ltr'>parentum</span> <span class='ocrx_word' id='word_1_78' title='bbox 1807 1639 1884 1684; x_wconf 89' lang='lat' dir='ltr'>ac</span> <span class='ocrx_word' id='word_1_79' title='bbox 1947 1621 2535 1701; x_wconf 79' lang='lat' dir='ltr'>praedecessorum</span> <span class='ocrx_word' id='word_1_80' title='bbox 2599 1627 2992 1702; x_wconf 87' lang='lat' dir='ltr'>nostrorum,</span> 
     </span>
     <span class='ocr_line' id='line_1_13' title="bbox 602 1721 2990 1805; baseline 0 -18"><span class='ocrx_word' id='word_1_81' title='bbox 602 1721 968 1788; x_wconf 84' lang='lat' dir='ltr'>laudabilia</span> <span class='ocrx_word' id='word_1_82' title='bbox 1035 1723 1298 1802; x_wconf 90' lang='lat' dir='ltr'>quidem</span> <span class='ocrx_word' id='word_1_83' title='bbox 1368 1729 1436 1789; x_wconf 90' lang='lat' dir='ltr'>et</span> <span class='ocrx_word' id='word_1_84' title='bbox 1504 1725 1890 1791; x_wconf 82' lang='lat' dir='ltr'>veneranda</span> <span class='ocrx_word' id='word_1_85' title='bbox 1954 1724 2180 1790; x_wconf 89' lang='lat' dir='ltr'>studia</span> <span class='ocrx_word' id='word_1_86' title='bbox 2248 1723 2688 1804; x_wconf 83' lang='lat' dir='ltr'>providerunt</span> <span class='ocrx_word' id='word_1_87' title='bbox 2757 1723 2990 1805; x_wconf 86' lang='lat' dir='ltr'>eidem,</span> 
     </span>
     <span class='ocr_line' id='line_1_14' title="bbox 604 1825 2988 1910; baseline 0.001 -19"><span class='ocrx_word' id='word_1_88' title='bbox 604 1827 1098 1892; x_wconf 87' lang='lat' dir='ltr'>consideramus</span> <span class='ocrx_word' id='word_1_89' title='bbox 1146 1834 1216 1892; x_wconf 91' lang='lat' dir='ltr'>et</span> <span class='ocrx_word' id='word_1_90' title='bbox 1260 1829 1347 1893; x_wconf 91' lang='lat' dir='ltr'>ad</span> <span class='ocrx_word' id='word_1_91' title='bbox 1391 1828 1516 1894; x_wconf 89' lang='lat' dir='ltr'>hoc</span> <span class='ocrx_word' id='word_1_92' title='bbox 1564 1837 1918 1910; x_wconf 88' lang='lat' dir='ltr'>praecipue</span> <span class='ocrx_word' id='word_1_93' title='bbox 1966 1829 2174 1894; x_wconf 88' lang='lat' dir='ltr'>aciem</span> <span class='ocrx_word' id='word_1_94' title='bbox 2225 1833 2496 1893; x_wconf 88' lang='lat' dir='ltr'>nostrae</span> <span class='ocrx_word' id='word_1_95' title='bbox 2541 1825 2786 1894; x_wconf 86' lang='lat' dir='ltr'>mentis</span> <span class='ocrx_word' id='word_1_96' title='bbox 2839 1845 2988 1894; x_wconf 86' lang='lat' dir='ltr'>con-</span> 
     </span>
     <span class='ocr_line' id='line_1_15' title="bbox 604 1930 2989 2017; baseline 0 -21"><span class='ocrx_word' id='word_1_97' title='bbox 604 1931 944 2014; x_wconf 83' lang='lat' dir='ltr'>vertimus,</span> <span class='ocrx_word' id='word_1_98' title='bbox 1006 1933 1295 2012; x_wconf 88' lang='lat' dir='ltr'>qualiter</span> <span class='ocrx_word' id='word_1_99' title='bbox 1347 1932 1824 2017; x_wconf 85' lang='lat' dir='ltr'>infrascriptae</span> <span class='ocrx_word' id='word_1_100' title='bbox 1883 1933 2218 2015; x_wconf 79' lang='lat' dir='ltr'>civitateS,</span> <span class='ocrx_word' id='word_1_101' title='bbox 2280 1930 2696 2006; x_wconf 84' lang='lat' dir='ltr'>munitiones,</span> <span class='ocrx_word' id='word_1_102' title='bbox 2743 1939 2989 2013; x_wconf 86' lang='lat' dir='ltr'>castra,</span> 
     </span>
     <span class='ocr_line' id='line_1_16' title="bbox 602 2036 2988 2120; baseline 0.001 -20"><span class='ocrx_word' id='word_1_103' title='bbox 602 2041 843 2118; x_wconf 86' lang='lat' dir='ltr'>terrae,</span> <span class='ocrx_word' id='word_1_104' title='bbox 911 2037 1261 2102; x_wconf 89' lang='lat' dir='ltr'>districtus</span> <span class='ocrx_word' id='word_1_105' title='bbox 1328 2049 1400 2103; x_wconf 89' lang='lat' dir='ltr'>et</span> <span class='ocrx_word' id='word_1_106' title='bbox 1466 2038 1832 2120; x_wconf 87' lang='lat' dir='ltr'>territoria,</span> <span class='ocrx_word' id='word_1_107' title='bbox 1901 2056 2176 2118; x_wconf 90' lang='lat' dir='ltr'>quorum</span> <span class='ocrx_word' id='word_1_108' title='bbox 2243 2044 2314 2102; x_wconf 90' lang='lat' dir='ltr'>et</span> <span class='ocrx_word' id='word_1_109' title='bbox 2381 2053 2658 2116; x_wconf 88' lang='lat' dir='ltr'>quarum</span> <span class='ocrx_word' id='word_1_110' title='bbox 2725 2036 2988 2102; x_wconf 87' lang='lat' dir='ltr'>nomina</span> 
     </span>
     <span class='ocr_line' id='line_1_17' title="bbox 602 2139 2988 2224; baseline 0.001 -20"><span class='ocrx_word' id='word_1_111' title='bbox 602 2139 875 2207; x_wconf 85' lang='lat' dir='ltr'>inferius</span> <span class='ocrx_word' id='word_1_112' title='bbox 926 2141 1405 2223; x_wconf 83' lang='lat' dir='ltr'>exprimuntur,</span> <span class='ocrx_word' id='word_1_113' title='bbox 1466 2143 1578 2222; x_wconf 88' lang='lat' dir='ltr'>qui</span> <span class='ocrx_word' id='word_1_114' title='bbox 1626 2151 1698 2208; x_wconf 90' lang='lat' dir='ltr'>et</span> <span class='ocrx_word' id='word_1_115' title='bbox 1743 2161 1913 2222; x_wconf 88' lang='lat' dir='ltr'>quae</span> <span class='ocrx_word' id='word_1_116' title='bbox 1960 2161 2107 2208; x_wconf 91' lang='lat' dir='ltr'>cum</span> <span class='ocrx_word' id='word_1_117' title='bbox 2155 2141 2456 2224; x_wconf 85' lang='lat' dir='ltr'>praefato</span> <span class='ocrx_word' id='word_1_118' title='bbox 2504 2157 2712 2224; x_wconf 86' lang='lat' dir='ltr'>regno</span> <span class='ocrx_word' id='word_1_119' title='bbox 2761 2147 2988 2206; x_wconf 87' lang='lat' dir='ltr'>nostro</span> 
     </span>
     <span class='ocr_line' id='line_1_18' title="bbox 605 2243 2986 2328; baseline 0.001 -20"><span class='ocrx_word' id='word_1_120' title='bbox 605 2243 675 2308; x_wconf 90' lang='lat' dir='ltr'>B.</span> <span class='ocrx_word' id='word_1_121' title='bbox 741 2245 1117 2310; x_wconf 86' lang='lat' dir='ltr'>immediate</span> <span class='ocrx_word' id='word_1_122' title='bbox 1186 2248 1540 2326; x_wconf 86' lang='lat' dir='ltr'>confluant,</span> <span class='ocrx_word' id='word_1_123' title='bbox 1608 2265 1726 2327; x_wconf 87' lang='lat' dir='ltr'>pro</span> <span class='ocrx_word' id='word_1_124' title='bbox 1779 2265 2003 2328; x_wconf 86' lang='lat' dir='ltr'>regum</span> <span class='ocrx_word' id='word_1_125' title='bbox 2051 2245 2404 2312; x_wconf 88' lang='lat' dir='ltr'>illustrium</span> <span class='ocrx_word' id='word_1_126' title='bbox 2455 2245 2526 2310; x_wconf 92' lang='lat' dir='ltr'>B.</span> <span class='ocrx_word' id='word_1_127' title='bbox 2577 2250 2646 2310; x_wconf 87' lang='lat' dir='ltr'>et</span> <span class='ocrx_word' id='word_1_128' title='bbox 2692 2246 2986 2328; x_wconf 88' lang='lat' dir='ltr'>ejusdem</span> 
     </span>
     <span class='ocr_line' id='line_1_19' title="bbox 604 2347 2984 2433; baseline -0 -20"><span class='ocrx_word' id='word_1_129' title='bbox 604 2347 791 2428; x_wconf 83' lang='lat' dir='ltr'>regni</span> <span class='ocrx_word' id='word_1_130' title='bbox 858 2365 1141 2414; x_wconf 86' lang='lat' dir='ltr'>coronae</span> <span class='ocrx_word' id='word_1_131' title='bbox 1210 2350 1563 2416; x_wconf 89' lang='lat' dir='ltr'>commodis</span> <span class='ocrx_word' id='word_1_132' title='bbox 1633 2361 1703 2416; x_wconf 87' lang='lat' dir='ltr'>et</span> <span class='ocrx_word' id='word_1_133' title='bbox 1772 2350 2196 2433; x_wconf 83' lang='lat' dir='ltr'>profectibus,</span> <span class='ocrx_word' id='word_1_134' title='bbox 2265 2351 2350 2414; x_wconf 89' lang='lat' dir='ltr'>ad</span> <span class='ocrx_word' id='word_1_135' title='bbox 2410 2349 2723 2415; x_wconf 89' lang='lat' dir='ltr'>honorem</span> <span class='ocrx_word' id='word_1_136' title='bbox 2783 2347 2846 2414; x_wconf 89' lang='lat' dir='ltr'>S.</span> <span class='ocrx_word' id='word_1_137' title='bbox 2911 2349 2984 2415; x_wconf 81' lang='lat' dir='ltr'>R.</span> 
     </span>
     <span class='ocr_line' id='line_1_20' title="bbox 602 2451 2986 2537; baseline 0 -20"><span class='ocrx_word' id='word_1_138' title='bbox 602 2451 872 2534; x_wconf 88' lang='lat' dir='ltr'>Imperii</span> <span class='ocrx_word' id='word_1_139' title='bbox 916 2470 1046 2519; x_wconf 90' lang='lat' dir='ltr'>non</span> <span class='ocrx_word' id='word_1_140' title='bbox 1093 2454 1303 2519; x_wconf 86' lang='lat' dir='ltr'>solnm</span> <span class='ocrx_word' id='word_1_141' title='bbox 1350 2454 1728 2537; x_wconf 84' lang='lat' dir='ltr'>expediant,</span> <span class='ocrx_word' id='word_1_142' title='bbox 1776 2453 1904 2519; x_wconf 94' lang='lat' dir='ltr'>imo</span> <span class='ocrx_word' id='word_1_143' title='bbox 1953 2453 2337 2520; x_wconf 86' lang='lat' dir='ltr'>necessaria</span> <span class='ocrx_word' id='word_1_144' title='bbox 2397 2453 2792 2531; x_wconf 78' lang='lat' dir='ltr'>videantnr3</span> <span class='ocrx_word' id='word_1_145' title='bbox 2853 2459 2986 2519; x_wconf 80' lang='lat' dir='ltr'>tum</span> 
     </span>
     <span class='ocr_line' id='line_1_21' title="bbox 603 2556 2982 2643; baseline 0 -23"><span class='ocrx_word' id='word_1_146' title='bbox 603 2556 757 2637; x_wconf 87' lang='lat' dir='ltr'>quia</span> <span class='ocrx_word' id='word_1_147' title='bbox 803 2558 1067 2640; x_wconf 84' lang='lat' dir='ltr'>regibus</span> <span class='ocrx_word' id='word_1_148' title='bbox 1117 2560 1426 2625; x_wconf 88' lang='lat' dir='ltr'>Boemiae</span> <span class='ocrx_word' id='word_1_149' title='bbox 1474 2576 1558 2625; x_wconf 83' lang='lat' dir='ltr'>ex</span> <span class='ocrx_word' id='word_1_150' title='bbox 1603 2559 1808 2625; x_wconf 87' lang='lat' dir='ltr'>terris</span> <span class='ocrx_word' id='word_1_151' title='bbox 1869 2558 2246 2643; x_wconf 89' lang='lat' dir='ltr'>hujusmodi</span> <span class='ocrx_word' id='word_1_152' title='bbox 2303 2560 2390 2624; x_wconf 91' lang='lat' dir='ltr'>ad</span> <span class='ocrx_word' id='word_1_153' title='bbox 2449 2558 2844 2623; x_wconf 87' lang='lat' dir='ltr'>electionem</span> <span class='ocrx_word' id='word_1_154' title='bbox 2907 2556 2982 2622; x_wconf 88' lang='lat' dir='ltr'>R.</span> 
     </span>
     <span class='ocr_line' id='line_1_22' title="bbox 604 2658 2984 2743; baseline 0 -19"><span class='ocrx_word' id='word_1_155' title='bbox 604 2660 921 2743; x_wconf 88' lang='lat' dir='ltr'>principis</span> <span class='ocrx_word' id='word_1_156' title='bbox 968 2680 1113 2727; x_wconf 89' lang='lat' dir='ltr'>cum</span> <span class='ocrx_word' id='word_1_157' title='bbox 1178 2662 1468 2728; x_wconf 89' lang='lat' dir='ltr'>caeteris</span> <span class='ocrx_word' id='word_1_158' title='bbox 1530 2664 2012 2729; x_wconf 88' lang='lat' dir='ltr'>coelectoribus</span> <span class='ocrx_word' id='word_1_159' title='bbox 2075 2681 2193 2728; x_wconf 88' lang='lat' dir='ltr'>sno</span> <span class='ocrx_word' id='word_1_160' title='bbox 2253 2669 2549 2743; x_wconf 90' lang='lat' dir='ltr'>tempore</span> <span class='ocrx_word' id='word_1_161' title='bbox 2610 2658 2984 2727; x_wconf 86' lang='lat' dir='ltr'>faciendam</span> 
     </span>
     <span class='ocr_line' id='line_1_23' title="bbox 606 2764 2986 2849; baseline 0 -20"><span class='ocrx_word' id='word_1_162' title='bbox 606 2774 988 2846; x_wconf 87' lang='lat' dir='ltr'>praestatur</span> <span class='ocrx_word' id='word_1_163' title='bbox 1032 2767 1395 2832; x_wconf 87' lang='lat' dir='ltr'>accedendi</span> <span class='ocrx_word' id='word_1_164' title='bbox 1442 2766 1808 2849; x_wconf 84' lang='lat' dir='ltr'>securitas;</span> <span class='ocrx_word' id='word_1_165' title='bbox 1851 2772 1988 2832; x_wconf 91' lang='lat' dir='ltr'>tum</span> <span class='ocrx_word' id='word_1_166' title='bbox 2038 2784 2196 2846; x_wconf 85' lang='lat' dir='ltr'>qula</span> <span class='ocrx_word' id='word_1_167' title='bbox 2251 2764 2650 2833; x_wconf 88' lang='lat' dir='ltr'>adminiculo</span> <span class='ocrx_word' id='word_1_168' title='bbox 2695 2767 2986 2847; x_wconf 87' lang='lat' dir='ltr'>ipsarum</span> 
     </span>
     <span class='ocr_line' id='line_1_24' title="bbox 602 2870 2984 2953; baseline -0.001 -18"><span class='ocrx_word' id='word_1_169' title='bbox 602 2888 791 2951; x_wconf 82' lang='lat' dir='ltr'>reges</span> <span class='ocrx_word' id='word_1_170' title='bbox 842 2872 913 2935; x_wconf 94' lang='grc' dir='ltr'>Β.</span> <span class='ocrx_word' id='word_1_171' title='bbox 960 2872 1209 2936; x_wconf 88' lang='lat' dir='ltr'>curiam</span> <span class='ocrx_word' id='word_1_172' title='bbox 1257 2870 1678 2953; x_wconf 89' lang='lat' dir='ltr'>Imperialem</span> <span class='ocrx_word' id='word_1_173' title='bbox 1735 2872 1816 2936; x_wconf 91' lang='lat' dir='ltr'>de</span> <span class='ocrx_word' id='word_1_174' title='bbox 1878 2889 2057 2937; x_wconf 90' lang='lat' dir='ltr'>more</span> <span class='ocrx_word' id='word_1_175' title='bbox 2115 2872 2181 2937; x_wconf 92' lang='lat' dir='ltr'>in</span> <span class='ocrx_word' id='word_1_176' title='bbox 2246 2870 2600 2952; x_wconf 87' lang='lat' dir='ltr'>Nurnberg</span> <span class='ocrx_word' id='word_1_177' title='bbox 2657 2870 2984 2936; x_wconf 87' lang='lat' dir='ltr'>celebrari</span> 
     </span>
     <span class='ocr_line' id='line_1_25' title="bbox 600 2972 2980 3057; baseline -0 -18"><span class='ocrx_word' id='word_1_178' title='bbox 600 2974 965 3055; x_wconf 84' lang='lat' dir='ltr'>consuevit,</span> <span class='ocrx_word' id='word_1_179' title='bbox 1012 2994 1130 3056; x_wconf 90' lang='lat' dir='ltr'>pro</span> <span class='ocrx_word' id='word_1_180' title='bbox 1178 2976 1555 3041; x_wconf 85' lang='lat' dir='ltr'>tractandis</span> <span class='ocrx_word' id='word_1_181' title='bbox 1603 2976 1872 3057; x_wconf 88' lang='lat' dir='ltr'>Imperii</span> <span class='ocrx_word' id='word_1_182' title='bbox 1921 2974 2096 3042; x_wconf 88' lang='lat' dir='ltr'>sacri</span> <span class='ocrx_word' id='word_1_183' title='bbox 2144 2974 2514 3053; x_wconf 77' lang='lat' dir='ltr'>commodis,</span> <span class='ocrx_word' id='word_1_184' title='bbox 2575 2972 2980 3056; x_wconf 88' lang='lat' dir='ltr'>profectibus</span> 
     </span>
     <span class='ocr_line' id='line_1_26' title="bbox 601 3078 2982 3161; baseline -0.001 -16"><span class='ocrx_word' id='word_1_185' title='bbox 601 3090 669 3145; x_wconf 84' lang='lat' dir='ltr'>et</span> <span class='ocrx_word' id='word_1_186' title='bbox 732 3080 1248 3146; x_wconf 88' lang='lat' dir='ltr'>necessitatibus</span> <span class='ocrx_word' id='word_1_187' title='bbox 1318 3080 1730 3161; x_wconf 83' lang='lat' dir='ltr'>opportunis,</span> <span class='ocrx_word' id='word_1_188' title='bbox 1799 3079 2102 3160; x_wconf 86' lang='lat' dir='ltr'>ampliori</span> <span class='ocrx_word' id='word_1_189' title='bbox 2166 3081 2501 3145; x_wconf 88' lang='lat' dir='ltr'>commodo</span> <span class='ocrx_word' id='word_1_190' title='bbox 2562 3085 2635 3145; x_wconf 87' lang='lat' dir='ltr'>et</span> <span class='ocrx_word' id='word_1_191' title='bbox 2692 3078 2982 3161; x_wconf 90' lang='lat' dir='ltr'>proniori</span> 
     </span>
     <span class='ocr_line' id='line_1_27' title="bbox 604 3184 2980 3265; baseline 0 -16"><span class='ocrx_word' id='word_1_192' title='bbox 604 3184 933 3249; x_wconf 88' lang='lat' dir='ltr'>voluntati</span> <span class='ocrx_word' id='word_1_193' title='bbox 982 3204 1111 3250; x_wconf 92' lang='lat' dir='ltr'>non</span> <span class='ocrx_word' id='word_1_194' title='bbox 1159 3192 1293 3251; x_wconf 90' lang='lat' dir='ltr'>tam</span> <span class='ocrx_word' id='word_1_195' title='bbox 1326 3186 1665 3259; x_wconf 83' lang='lat' dir='ltr'>valebunt,</span> <span class='ocrx_word' id='word_1_196' title='bbox 1705 3203 1896 3265; x_wconf 87' lang='lat' dir='ltr'>quarn</span> <span class='ocrx_word' id='word_1_197' title='bbox 1933 3184 2134 3250; x_wconf 87' lang='lat' dir='ltr'>etiam</span> <span class='ocrx_word' id='word_1_198' title='bbox 2167 3184 2600 3249; x_wconf 86' lang='lat' dir='ltr'>delectabunt</span> <span class='ocrx_word' id='word_1_199' title='bbox 2631 3184 2980 3263; x_wconf 82' lang='lat' dir='ltr'>accedere3</span> 
     </span>
     <span class='ocr_line' id='line_1_28' title="bbox 602 3288 2979 3373; baseline -0.001 -20"><span class='ocrx_word' id='word_1_200' title='bbox 602 3294 737 3353; x_wconf 88' lang='lat' dir='ltr'>tam</span> <span class='ocrx_word' id='word_1_201' title='bbox 804 3290 958 3369; x_wconf 89' lang='lat' dir='ltr'>qnia</span> <span class='ocrx_word' id='word_1_202' title='bbox 1020 3296 1351 3355; x_wconf 88' lang='lat' dir='ltr'>terrarum</span> <span class='ocrx_word' id='word_1_203' title='bbox 1412 3291 1786 3373; x_wconf 84' lang='lat' dir='ltr'>hujusmodi</span> <span class='ocrx_word' id='word_1_204' title='bbox 1855 3289 2074 3369; x_wconf 87' lang='lat' dir='ltr'>spatia</span> <span class='ocrx_word' id='word_1_205' title='bbox 2151 3289 2336 3369; x_wconf 75' lang='lat' dir='ltr'>regni</span> <span class='ocrx_word' id='word_1_206' title='bbox 2415 3288 2726 3354; x_wconf 88' lang='lat' dir='ltr'>Boemiae</span> <span class='ocrx_word' id='word_1_207' title='bbox 2804 3288 2979 3353; x_wconf 79' lang='lat' dir='ltr'>velut</span> 
     </span>
     <span class='ocr_line' id='line_1_29' title="bbox 600 3390 2980 3475; baseline -0.002 -16"><span class='ocrx_word' id='word_1_208' title='bbox 600 3393 881 3475; x_wconf 83' lang='lat' dir='ltr'>insignis</span> <span class='ocrx_word' id='word_1_209' title='bbox 928 3394 1201 3459; x_wconf 88' lang='lat' dir='ltr'>membri</span> <span class='ocrx_word' id='word_1_210' title='bbox 1234 3393 1621 3459; x_wconf 69' lang='lat' dir='ltr'>serenit1tis</span> <span class='ocrx_word' id='word_1_211' title='bbox 1655 3411 1972 3459; x_wconf 85' lang='lat' dir='ltr'>cesareae</span> <span class='ocrx_word' id='word_1_212' title='bbox 2007 3392 2286 3473; x_wconf 83' lang='lat' dir='ltr'>insignis</span> <span class='ocrx_word' id='word_1_213' title='bbox 2319 3391 2606 3472; x_wconf 86' lang='lat' dir='ltr'>requirit</span> <span class='ocrx_word' id='word_1_214' title='bbox 2635 3390 2980 3468; x_wconf 86' lang='lat' dir='ltr'>nobilitas;</span> 
     </span>
     <span class='ocr_line' id='line_1_30' title="bbox 599 3494 2976 3578; baseline -0.002 -16"><span class='ocrx_word' id='word_1_215' title='bbox 599 3504 737 3563; x_wconf 89' lang='lat' dir='ltr'>tum</span> <span class='ocrx_word' id='word_1_216' title='bbox 786 3498 939 3578; x_wconf 89' lang='lat' dir='ltr'>quia</span> <span class='ocrx_word' id='word_1_217' title='bbox 986 3498 1319 3574; x_wconf 77' lang='lat' dir='ltr'>civitateS‚</span> <span class='ocrx_word' id='word_1_218' title='bbox 1367 3506 1608 3572; x_wconf 88' lang='lat' dir='ltr'>castra,</span> <span class='ocrx_word' id='word_1_219' title='bbox 1659 3498 2055 3563; x_wconf 81' lang='lat' dir='ltr'>munitiones</span> <span class='ocrx_word' id='word_1_220' title='bbox 2103 3500 2172 3561; x_wconf 88' lang='lat' dir='ltr'>et</span> <span class='ocrx_word' id='word_1_221' title='bbox 2206 3496 2368 3578; x_wconf 83' lang='lat' dir='ltr'>loca,</span> <span class='ocrx_word' id='word_1_222' title='bbox 2399 3513 2674 3575; x_wconf 87' lang='lat' dir='ltr'>quornm</span> <span class='ocrx_word' id='word_1_223' title='bbox 2710 3494 2976 3561; x_wconf 87' lang='lat' dir='ltr'>inferius</span> 
     </span>
     <span class='ocr_line' id='line_1_31' title="bbox 600 3599 2978 3684; baseline -0.001 -17"><span class='ocrx_word' id='word_1_224' title='bbox 600 3603 945 3668; x_wconf 86' lang='lat' dir='ltr'>annotatio</span> <span class='ocrx_word' id='word_1_225' title='bbox 992 3606 1109 3669; x_wconf 88' lang='lat' dir='ltr'>fiet</span> <span class='ocrx_word' id='word_1_226' title='bbox 1156 3603 1482 3684; x_wconf 86' lang='lat' dir='ltr'>specifica,</span> <span class='ocrx_word' id='word_1_227' title='bbox 1532 3612 1682 3683; x_wconf 89' lang='lat' dir='ltr'>post</span> <span class='ocrx_word' id='word_1_228' title='bbox 1729 3603 2017 3683; x_wconf 84' lang='lat' dir='ltr'>rapinas,</span> <span class='ocrx_word' id='word_1_229' title='bbox 2063 3599 2292 3681; x_wconf 89' lang='lat' dir='ltr'>spolia,</span> <span class='ocrx_word' id='word_1_230' title='bbox 2339 3606 2602 3682; x_wconf 82' lang='lat' dir='ltr'>strages</span> <span class='ocrx_word' id='word_1_231' title='bbox 2649 3610 2720 3665; x_wconf 91' lang='lat' dir='ltr'>et</span> <span class='ocrx_word' id='word_1_232' title='bbox 2759 3599 2978 3665; x_wconf 91' lang='lat' dir='ltr'>sediti·</span> 
     </span>
     <span class='ocr_line' id='line_1_32' title="bbox 600 3704 2978 3790; baseline -0.002 -17"><span class='ocrx_word' id='word_1_233' title='bbox 600 3726 758 3773; x_wconf 85' lang='lat' dir='ltr'>ones</span> <span class='ocrx_word' id='word_1_234' title='bbox 805 3709 1185 3774; x_wconf 86' lang='lat' dir='ltr'>innumeras</span> <span class='ocrx_word' id='word_1_235' title='bbox 1232 3718 1303 3773; x_wconf 90' lang='lat' dir='ltr'>et</span> <span class='ocrx_word' id='word_1_236' title='bbox 1348 3707 1724 3790; x_wconf 88' lang='lat' dir='ltr'>periculosa</span> <span class='ocrx_word' id='word_1_237' title='bbox 1769 3704 2168 3785; x_wconf 85' lang='lat' dir='ltr'>discrimina,</span> <span class='ocrx_word' id='word_1_238' title='bbox 2217 3705 2454 3784; x_wconf 89' lang='lat' dir='ltr'>quibus</span> <span class='ocrx_word' id='word_1_239' title='bbox 2509 3704 2788 3787; x_wconf 86' lang='lat' dir='ltr'>singulis</span> <span class='ocrx_word' id='word_1_240' title='bbox 2851 3706 2978 3769; x_wconf 89' lang='lat' dir='ltr'>via·</span> 
     </span>
     <span class='ocr_line' id='line_1_33' title="bbox 604 3808 2977 3891; baseline -0.002 -14"><span class='ocrx_word' id='word_1_241' title='bbox 604 3814 858 3879; x_wconf 88' lang='lat' dir='ltr'>toribus</span> <span class='ocrx_word' id='word_1_242' title='bbox 906 3812 1236 3878; x_wconf 83' lang='lat' dir='ltr'>transitus</span> <span class='ocrx_word' id='word_1_243' title='bbox 1282 3815 1660 3889; x_wconf 87' lang='lat' dir='ltr'>vetabatur,</span> <span class='ocrx_word' id='word_1_244' title='bbox 1709 3828 1883 3875; x_wconf 88' lang='lat' dir='ltr'>nunc</span> <span class='ocrx_word' id='word_1_245' title='bbox 1916 3808 2185 3875; x_wconf 85' lang='lat' dir='ltr'>divinae</span> <span class='ocrx_word' id='word_1_246' title='bbox 2219 3808 2688 3891; x_wconf 86' lang='lat' dir='ltr'>propitationis</span> <span class='ocrx_word' id='word_1_247' title='bbox 2720 3826 2977 3875; x_wconf 86' lang='lat' dir='ltr'>munere</span> 
     </span>
     <span class='ocr_line' id='line_1_34' title="bbox 600 3912 2976 4001; baseline -0.003 -18"><span class='ocrx_word' id='word_1_248' title='bbox 600 3916 781 4001; x_wconf 84' lang='lat' dir='ltr'>regis</span> <span class='ocrx_word' id='word_1_249' title='bbox 829 3916 1141 3983; x_wconf 85' lang='lat' dir='ltr'>Boemiae</span> <span class='ocrx_word' id='word_1_250' title='bbox 1201 3916 1389 3998; x_wconf 85' lang='lat' dir='ltr'>regni</span> <span class='ocrx_word' id='word_1_251' title='bbox 1436 3926 1507 3981; x_wconf 88' lang='lat' dir='ltr'>et</span> <span class='ocrx_word' id='word_1_252' title='bbox 1554 3914 1864 3980; x_wconf 90' lang='lat' dir='ltr'>nobilium</span> <span class='ocrx_word' id='word_1_253' title='bbox 1921 3912 2405 3994; x_wconf 86' lang='lat' dir='ltr'>regnicolarum</span> <span class='ocrx_word' id='word_1_254' title='bbox 2465 3912 2709 3979; x_wconf 89' lang='lat' dir='ltr'>ibidem</span> <span class='ocrx_word' id='word_1_255' title='bbox 2769 3912 2976 3995; x_wconf 86' lang='lat' dir='ltr'>dispo·</span> 
     </span>
     <span class='ocr_line' id='line_1_35' title="bbox 602 4016 2974 4101; baseline -0.003 -14"><span class='ocrx_word' id='word_1_256' title='bbox 602 4030 803 4087; x_wconf 90' lang='lat' dir='ltr'>nente</span> <span class='ocrx_word' id='word_1_257' title='bbox 850 4024 1155 4101; x_wconf 89' lang='lat' dir='ltr'>potentia</span> <span class='ocrx_word' id='word_1_258' title='bbox 1202 4022 1269 4087; x_wconf 91' lang='lat' dir='ltr'>in</span> <span class='ocrx_word' id='word_1_259' title='bbox 1318 4020 1877 4099; x_wconf 82' lang='lat' dir='ltr'>tranquillitatem</span> <span class='ocrx_word' id='word_1_260' title='bbox 1925 4026 2197 4100; x_wconf 81' lang='lat' dir='ltr'>optatae</span> <span class='ocrx_word' id='word_1_261' title='bbox 2230 4018 2415 4098; x_wconf 83' lang='lat' dir='ltr'>pacis</span> <span class='ocrx_word' id='word_1_262' title='bbox 2449 4016 2762 4098; x_wconf 85' lang='lat' dir='ltr'>regimine</span> <span class='ocrx_word' id='word_1_263' title='bbox 2795 4022 2974 4098; x_wconf 80' lang='lat' dir='ltr'>grato</span> 
     </span>
     <span class='ocr_line' id='line_1_36' title="bbox 600 4121 2972 4207; baseline -0.003 -16"><span class='ocrx_word' id='word_1_264' title='bbox 600 4128 988 4205; x_wconf 87' lang='lat' dir='ltr'>conductae,</span> <span class='ocrx_word' id='word_1_265' title='bbox 1035 4144 1311 4193; x_wconf 89' lang='lat' dir='ltr'>amoena</span> <span class='ocrx_word' id='word_1_266' title='bbox 1358 4124 1809 4207; x_wconf 85' lang='lat' dir='ltr'>prosperitate</span> <span class='ocrx_word' id='word_1_267' title='bbox 1857 4125 2224 4205; x_wconf 85' lang='lat' dir='ltr'>gaudentes</span> <span class='ocrx_word' id='word_1_268' title='bbox 2271 4121 2680 4203; x_wconf 79' lang='lat' dir='ltr'>quibuslibet</span> <span class='ocrx_word' id='word_1_269' title='bbox 2738 4139 2972 4186; x_wconf 84' lang='lat' dir='ltr'>merca·</span> 
     </span>
     <span class='ocr_line' id='line_1_37' title="bbox 602 4224 2971 4312; baseline -0.003 -18"><span class='ocrx_word' id='word_1_270' title='bbox 602 4232 875 4311; x_wconf 81' lang='lat' dir='ltr'>toribus,</span> <span class='ocrx_word' id='word_1_271' title='bbox 924 4231 1289 4312; x_wconf 81' lang='lat' dir='ltr'>peregrinis</span> <span class='ocrx_word' id='word_1_272' title='bbox 1341 4228 1708 4295; x_wconf 90' lang='lat' dir='ltr'>viatoribus</span> <span class='ocrx_word' id='word_1_273' title='bbox 1755 4236 1824 4293; x_wconf 88' lang='lat' dir='ltr'>et</span> <span class='ocrx_word' id='word_1_274' title='bbox 1867 4224 2164 4308; x_wconf 89' lang='lat' dir='ltr'>personis</span> <span class='ocrx_word' id='word_1_275' title='bbox 2199 4226 2349 4291; x_wconf 87' lang='lat' dir='ltr'>aliis</span> <span class='ocrx_word' id='word_1_276' title='bbox 2383 4232 2594 4290; x_wconf 87' lang='lat' dir='ltr'>tutum</span> <span class='ocrx_word' id='word_1_277' title='bbox 2629 4242 2971 4303; x_wconf 85' lang='lat' dir='ltr'>accessum,</span> 
     </span>
     <span class='ocr_line' id='line_1_38' title="bbox 601 4328 2968 4413; baseline -0.004 -14"><span class='ocrx_word' id='word_1_278' title='bbox 601 4343 849 4400; x_wconf 88' lang='lat' dir='ltr'>statum</span> <span class='ocrx_word' id='word_1_279' title='bbox 898 4346 968 4400; x_wconf 93' lang='lat' dir='ltr'>et</span> <span class='ocrx_word' id='word_1_280' title='bbox 1015 4336 1367 4401; x_wconf 86' lang='lat' dir='ltr'>transitum</span> <span class='ocrx_word' id='word_1_281' title='bbox 1420 4333 1689 4400; x_wconf 89' lang='lat' dir='ltr'>indubie</span> <span class='ocrx_word' id='word_1_282' title='bbox 1738 4331 2151 4413; x_wconf 89' lang='lat' dir='ltr'>pollicentur,</span> <span class='ocrx_word' id='word_1_283' title='bbox 2197 4340 2270 4395; x_wconf 93' lang='lat' dir='ltr'>ut</span> <span class='ocrx_word' id='word_1_284' title='bbox 2315 4348 2399 4394; x_wconf 82' lang='lat' dir='ltr'>ex</span> <span class='ocrx_word' id='word_1_285' title='bbox 2448 4330 2569 4395; x_wconf 89' lang='lat' dir='ltr'>hoc</span> <span class='ocrx_word' id='word_1_286' title='bbox 2617 4346 2744 4395; x_wconf 86' lang='lat' dir='ltr'>nou</span> <span class='ocrx_word' id='word_1_287' title='bbox 2775 4328 2968 4393; x_wconf 89' lang='lat' dir='ltr'>solum</span> 
     </span>
    </p>
   </div>
  </div>
 </body>
</html>
