3288 4973
1386 220 1775 281 -575—

583 427 736 495 616.
805 423 856 494 J
857 422 1129 493 oannis
1187 420 1654 491 marchionis
1720 418 2127 507 promissio
2196 419 2288 488 de
2357 420 2766 491 servandis

371 527 842 616 privilegiis,
889 526 961 597 si
1005 526 1090 597 in
1133 544 1396 613 regem
1443 523 1802 594 Boemiae
1850 526 2452 610 promoveretur.

1215 648 1415 731 1371,
1460 648 1569 715 18.
1615 642 1941 732 Aprilis

583 778 714 833 List
749 778 787 833 J
789 793 898 833 ana
933 773 1214 829 markrabi
1250 774 1632 839 moravskehm
1677 774 1908 843 Jestliie
1944 773 2017 843 by
2054 778 2165 829 nan
2201 774 2549 831 kralovstvie
2600 774 2773 843 pricio

371 867 480 921 neb
527 882 604 921 na
642 866 776 936 jeho
834 863 1046 930 dedice,
1084 864 1152 915 te
1196 864 1334 929 prve
1380 867 1486 917 nez
1539 860 1610 929 by
1658 862 1827 927 ktery
1874 878 1905 914 z
1952 860 2081 916 nich
2138 864 2461 916 korunovan
2514 862 2623 931 byl,
2679 866 2769 918 ma

368 952 600 1023 pfiaieci
637 951 925 1020 praetem,
961 951 1160 1016 panem
1195 964 1230 1003 a
1265 948 1590 1017 rytierstvu,
1629 952 1697 1003 te
1732 954 1795 1015 ty
1834 950 2043 1016 vsecky
2079 948 2205 1004 reci
2241 948 2537 1005 nachot-ati
2571 954 2677 1019 ma,
2704 966 2767 1005 co

364 1042 488 1113 jest
525 1040 706 1095 ciesai*
735 1036 907 1091 Karel
941 1035 1250 1091 ustanovil.

583 1162 632 1229 J
635 1161 930 1228 ohannes
1006 1158 1086 1225 D.
1162 1178 1258 1242 gr.
1333 1156 1625 1224 marchio
1698 1158 1784 1225 M.
1860 1159 2105 1225 Notum
2180 1158 2455 1226 facimus
2530 1166 2767 1227 tenore

379 1266 835 1351 praesentium
876 1262 1244 1329 universis:

587 1368 784 1435 Licet
829 1366 997 1433 alias
1045 1364 1512 1431 serenissimus
1557 1364 1871 1447 princeps
1919 1374 1991 1431 et
2037 1367 2355 1449 dominus
2386 1371 2447 1434 d.
2478 1369 2767 1438 Karolus

375 1475 458 1541 R.
501 1474 554 1539 Ι.
603 1492 652 1539 S.
701 1492 757 1537 a.
805 1476 876 1535 et
922 1470 996 1535 B.
1043 1487 1182 1549 rex,
1228 1469 1531 1535 dominus
1578 1473 1650 1533 et
1694 1468 1911 1536 frater
1939 1476 2173 1549 noster
2204 1473 2775 1559 praecarissimus,

371 1578 587 1660 nobiS,
613 1574 972 1642 heredibus
1001 1579 1070 1639 et
1096 1572 1595 1639 successoribus
1627 1573 1882 1639 nostris
1915 1574 2249 1659 legitimiS,
2284 1577 2773 1645 marchionibus

374 1682 486 1764 M„
543 1698 746 1746 sexus
792 1676 1159 1758 masculini,
1207 1675 1535 1759 insignem
1597 1682 1669 1743 et
1712 1677 2040 1745 illustrem
2090 1678 2552 1764 principatum,
2606 1701 2774 1749 mar-

374 1784 761 1851 chionatum
823 1782 930 1865 M,
994 1799 1138 1847 cum
1199 1780 1582 1848 attinentiis
1631 1788 1702 1847 et
1746 1782 2174 1863 pertinentiis
2223 1785 2538 1869 ejusdem,
2592 1787 2774 1867 prin-

371 1889 710 1971 cipatibus
742 1885 1156 1953 venerabilis
1183 1884 1640 1952 Olomucensis
1668 1887 1998 1953 ecclesiae
2024 1896 2095 1953 et
2117 1886 2403 1955 illustris
2429 1889 2774 1972 Oppaviae

365 1996 618 2061 ducatu
665 1994 1022 2057 dumtaxat
1071 1990 1372 2070 exceptis
1421 1989 1727 2073 (praeter
1771 1993 2046 2056 bernam
2092 1990 2347 2077 regiam
2393 1996 2775 2075 generalem

363 2098 438 2165 in
485 2096 677 2164 bonis
713 2093 1206 2177 episcopalibus
1240 2095 1464 2160 dictae
1497 2092 1572 2159 Ο.
1603 2093 1953 2177 ecclesiae,
1986 2112 2157 2175 quae
2191 2098 2277 2162 ad
2312 2114 2452 2180 noS,
2484 2098 2771 2165 heredes

362 2208 436 2269 et
481 2217 914 2267 successores
963 2202 1248 2277 nostrOS,
1297 2196 1719 2264 marchiones
1766 2198 1875 2281 M„
1922 2200 2239 2281 pertinet,
2286 2206 2487 2282 prout
2518 2202 2587 2267 in
2620 2204 2773 2269 aliis

363 2306 584 2373 literis
631 2306 926 2384 desuper
973 2301 1174 2367 editis
1223 2300 1480 2383 plenius
1546 2305 1653 2367 es‘t
1708 2303 2125 2389 expressum)
2190 2322 2308 2386 pro
2354 2304 2768 2373 hereditaria

369 2419 443 2479 et
493 2414 778 2492 paterna
822 2415 1056 2472 nostra
1102 2411 1172 2471 et
1217 2405 1533 2472 heredum
1594 2412 1977 2473 nostrorum
2037 2409 2343 2491 portione
2387 2409 2454 2474 in
2502 2409 2769 2476 feudum

367 2514 636 2581 illustre
689 2519 760 2580 et
806 2512 1070 2596 insigne
1119 2511 1532 2578 concesserit
1577 2549 1666 2560 —

586 2635 836 2698 nosque
884 2615 1137 2681 dictum
1186 2617 1711 2682 marchionatum
1770 2634 1920 2682 cum
1982 2618 2123 2683 suis
2187 2618 2633 2702 pertinentiis,
2695 2623 2771 2684 ut

373 2723 779 2805 praefertur,
840 2721 925 2786 ab
984 2719 1129 2802 ipso
1191 2720 1453 2785 domino
1501 2726 1573 2786 et
1619 2721 1833 2787 fratre
1880 2725 2107 2787 nostro
2156 2727 2231 2788 ut
2276 2741 2318 2788 a
2364 2740 2526 2806 rege
2572 2723 2650 2790 B.
2698 2722 2767 2789 in

369 2825 638 2893 feodum
708 2823 1200 2905 susceperimus
1272 2829 1342 2889 et
1401 2825 1769 2905 fidelitatis
1830 2825 2136 2910 homagii,
2198 2825 2636 2908 subjectionis
2699 2832 2769 2893 et

373 2928 818 3008 obedientiae,
851 2928 1030 2993 sicut
1062 2926 1128 2991 in
1161 2927 1584 3008 susceptione
1631 2927 1971 2994 feodorum
2018 2936 2409 2997 consuetum
2454 2935 2561 2996 est
2606 2931 2771 3014 fieri,

373 3031 504 3099 sibi
572 3038 647 3097 ut
717 3033 861 3116 regi
931 3031 1006 3096 B.
1075 3030 1609 3112 praestiterimus
1682 3033 2057 3114 corporalia
2118 3036 2520 3118 juramenta,
2586 3035 2764 3101 sicut

376 3135 579 3203 etiam
642 3135 855 3201 nostri
921 3135 1206 3201 heredes
1270 3140 1340 3199 et
1394 3153 1823 3202 successores
1870 3137 2169 3222 legitimi,
2217 3138 2631 3205 marchiones
2680 3138 2767 3206 M.

373 3239 725 3306 masculini
747 3257 966 3318 sexus,
1001 3241 1280 3304 eundem
1314 3239 1842 3305 marchionatum
1874 3259 2021 3308 cum
2055 3241 2433 3308 attinentiis
2467 3242 2763 3327 ejusdem

373 3347 459 3410 ab
493 3345 636 3426 ipso
668 3348 744 3409 ut
774 3360 814 3408 a
847 3359 1008 3426 rege
1039 3343 1133 3426 B.,
1163 3342 1523 3409 heredibus
1557 3349 1628 3409 et
1660 3345 2162 3411 successoribus
2196 3345 2352 3428 suiS,
2377 3346 2449 3411 B.
2476 3346 2765 3428 regibuS‚

371 3453 442 3515 et
489 3467 530 3514 a
575 3465 819 3514 corona
865 3446 1055 3529 regni
1119 3446 1413 3528 ejusdem
1473 3448 1953 3529 imperpetuum
2014 3449 2082 3514 in
2145 3447 2403 3515 feodum
2460 3449 2762 3532 recipere

372 3553 818 3632 tenebuntur;

580 3674 660 3721 ea
706 3661 929 3721 tamen
976 3654 1356 3721 conditione
1403 3661 1722 3721 notanter
1776 3657 2059 3740 adjecta,
2121 3659 2296 3738 quod
2359 3659 2533 3725 idem
2596 3677 2766 3724 mar-

372 3761 724 3826 chionatus
787 3777 934 3823 cum
996 3758 1427 3839 pertinentiis
1498 3760 1711 3842 ipsius
1778 3761 1843 3826 in
1914 3779 2061 3826 eum
2130 3778 2375 3845 casum,
2443 3763 2559 3830 ubi
2626 3781 2767 3846 neS,

370 3865 656 3930 heredes
703 3867 774 3927 et
819 3879 1246 3928 successores
1309 3864 1523 3930 nostri
1587 3864 1893 3950 legitimi,
1948 3866 2361 3932 marchiones
2410 3867 2516 3949 M,
2562 3886 2767 3934 sexus

367 3965 740 4050 masculini,
785 3965 932 4031 sine
979 3967 1334 4033 heredibus
1380 3968 1700 4052 legitimis
1764 3969 2111 4036 masculini
2172 3987 2372 4036 sexus
2434 3973 2765 4038 decedere

368 4067 798 4154 contingerit,
841 4072 929 4135 ad
974 4068 1186 4150 ipsum
1236 4075 1309 4135 ut
1355 4073 1442 4136 ad
1487 4090 1716 4156 regem
1765 4074 1857 4156 B.,
1904 4075 2185 4142 heredes
2235 4078 2305 4139 et
2336 4093 2771 4148 successores

369 4193 548 4260 suos,
595 4175 670 4240 B.
717 4191 932 4258 reges
979 4178 1049 4240 et
1095 4177 1177 4239 ad
1227 4175 1520 4258 ejusdem
1557 4177 1749 4259 regni
1782 4195 2091 4243 coronam
2122 4179 2502 4245 immediate
2536 4179 2762 4246 devol-
