3288 4973
1578 364 1964 425 -228—
3182 6 3192 433 Ι

575 570 959 635 mandatum
994 568 1266 651 exigant
1295 568 1587 648 speciale
1607 567 1728 633 vel
1773 568 1831 633 si
1862 568 2171 634 maiorem
2207 584 2432 633 casum
2464 570 2584 632 aut
2615 564 2948 631 clariorem

572 674 1199 755 interpretationem
1269 674 1619 741 verborum
1687 673 2128 756 requirerent,
2203 690 2396 753 quam
2471 670 2781 751 superius
2857 674 2951 733 est

570 796 973 860 expressum.

774 882 1258 949 Promittentes
1332 902 1453 949 nos
1528 887 1766 966 ratum,
1833 886 2091 966 gratum
2162 888 2231 947 et
2297 884 2549 947 firmum
2620 876 2950 962 perpetuis

569 986 981 1068 temporibus
1029 987 1394 1071 habitui-08,
1441 990 1562 1053 sub
1612 990 1930 1053 bonorum
1978 992 2352 1053 nostrorum
2407 983 2691 1049 omnium
2759 984 2953 1065 hypo·

574 1092 793 1173 theca,
832 1091 1149 1173 quidquid
1192 1110 1311 1174 per
1353 1092 1768 1175 praedictum
1807 1094 1866 1158 d.
1902 1091 2388 1173 wenceslaum,
2424 1092 2652 1155 ducem
2683 1088 2952 1168 Sleziae,

577 1196 904 1261 dominum
940 1196 1433 1279 Legnicensem‚
1458 1197 1733 1263 fratrem
1767 1201 1838 1262 et
1869 1200 2362 1278 procuratorem
2389 1200 2702 1276 nostrum,
2727 1198 2956 1271 actum,

572 1306 829 1383 gestum
879 1308 948 1365 et
988 1300 1279 1383 legitime
1319 1305 1740 1383 procuratum
1781 1300 1991 1367 fuerit
2027 1302 2094 1366 111
2139 1300 2520 1383 praemissis
2558 1304 2626 1365 et
2667 1296 2955 1378 quolibet

573 1405 1104 1486 praemissorum.

780 1508 859 1574 In
906 1509 1094 1575 cuius
1128 1562 1140 1575 .
1175 1562 1189 1577 .
1224 1561 1237 1575 .

777 1652 1019 1715 Actum
1067 1655 1136 1714 et
1182 1652 1410 1715 datum
1456 1650 1524 1716 in
1572 1649 1815 1716 allodio
1855 1651 2054 1733 juxta
2101 1649 2382 1716 rivulum
2417 1649 2576 1730 Laa‚
2611 1648 2952 1713 districtus

568 1752 1144 1836 VratislaviensiS,
1210 1772 1265 1819 a.
1332 1754 1413 1818 D.
1485 1759 1670 1838 1342,
1732 1754 2100 1821 indictione
2164 1755 2246 1819 X.
2312 1754 2557 1819 mensis
2623 1750 2790 1818 Julii
2850 1750 2955 1816 die

568 1862 807 1935 quarta
854 1858 1129 1940 decima,
1177 1858 1646 1939 praesentibus
1686 1866 1815 1925 etc.

518 2026 523 2031 ·
772 1994 993 2081 (As-ch.
1020 1994 1085 2063 S.
1128 1996 1329 2063 Wenc.
1352 2036 1440 2045 —
1464 1996 1744 2062 Goldast
1773 1996 2012 2084 Suppl.
2037 2000 2137 2064 28.
2161 2038 2247 2047 —
2274 1996 2490 2083 Chytil
2535 1996 2625 2058 VI
2625 1997 2670 2060 I.
2703 1998 2848 2061 428.
2872 2032 2955 2042 —-

567 2099 957 2185 G'rilnkaqen
1002 2100 1051 2165 I.
1102 2102 1247 2167 318.
1292 2139 1377 2151 —
1427 2102 1641 2167 Emler
1695 2102 1795 2169 IV.
1841 2103 2065 2169 1154.)

774 2348 924 2413 217.
956 2344 1387 2415 Ludovicus
1410 2365 1549 2415 rex
1583 2346 2045 2433 flung-ariae,
2079 2344 2462 2433 promittit
2491 2348 2715 2431 pacta
2745 2342 2949 2413 inter

566 2448 918 2519 Carolum
952 2470 1210 2538 regem
1247 2449 1686 2538 Hungariae
1718 2454 1796 2520 et
1826 2450 2180 2522 carolum
2212 2448 2720 2520 marchionem
2755 2447 2948 2517 inita

566 2552 643 2622 in
695 2555 759 2623 V
761 2554 1141 2642 yssegrad
1189 2575 1255 2624 a.
1304 2558 1498 2641 1338,
1548 2561 1611 2624 1.
1661 2556 1878 2625 Mart.
1926 2556 2363 2626 observare.

1114 2681 1308 2762 1342,
1354 2681 1418 2747 3.
1466 2678 1830 2765 Augusti.
1879 2677 2416 2768 (Vyssegrad.)

774 2815 1026 2902 (Chytil
1084 2817 1212 2885 VII.
1250 2839 1322 2901 p.
1372 2819 1518 2886 312.
1564 2857 1650 2866 —-
1699 2818 1913 2884 Emler
1959 2817 2066 2887 IV.
2115 2819 2336 2902 1159.)

788 3061 939 3127 218.
1012 3059 1443 3129 Declaratio
1490 3059 1581 3129 (le
1628 3059 2144 3131 infeudatione
2192 3063 2616 3130 castrorum
2663 3057 2966 3127 Bietow

582 3167 659 3230 et
704 3162 1107 3233 Cornstein
1150 3164 1234 3233 in
1277 3165 1646 3234 Mol-avia.

1680 3290 1873 3356 1342.

786 3424 913 3480 List
948 3441 1095 3494 pana
1132 3425 1480 3496 chdrycha,
1517 3427 1666 3480 Jana
1701 3443 1734 3480 a
1768 3427 1955 3481 Jirika
1989 3427 2168 3480 breti-i
2193 3443 2222 3479 z
2251 3426 2502 3494 Bietova,
2529 3429 2596 3478 ze
2621 3439 2648 3478 s
2677 3424 2972 3478 Bietovem

580 3529 613 3564 a
650 3513 1035 3567 Cornsteinem
1071 3515 1135 3567 su
1173 3514 1402 3568 manove
1441 3513 1597 3568 krale
1636 3513 1873 3568 ceskeho
1909 3530 1979 3582 po
2017 3515 2223 3581 vsecky
2261 3515 2410 3581 easy.
2449 3514 2580 3567 Dat.
2608 3513 2755 3566 1342.

785 3633 909 3719 (A.
954 3634 1051 3704 K.
1097 3673 1182 3683 —
1230 3633 1445 3720 Chytil
1504 3636 1633 3702 VII.
1671 3659 1741 3720 p.
1774 3638 1920 3703 332.
1961 3673 2050 3686 -
2097 3635 2246 3702 cod.
2273 3640 2330 3720 j.
2364 3636 2417 3702 b.
2452 3635 2538 3698 II.
2575 3635 2618 3696 3
2635 3655 2711 3718 p.
2745 3636 2850 3699 60.
2893 3671 2968 3681 -

581 3737 739 3805 Emr.
787 3739 891 3807 ιν,
938 3741 1153 3814 1205.)

784 3977 933 4043 219.
983 3973 1303 4045 Carolus
1359 3975 1697 4047 marchio
1757 3976 2152 4047 Kazimiro
2211 3975 2575 4046 Poloniae
2634 3975 2814 4064 regi
2877 3975 2976 4046 ad

575 4075 834 4147 debita
858 4079 1223 4165 quaedam
1258 4079 1492 4150 certis
1524 4080 1876 4151 terminis
1901 4080 2410 4168 persolvenda
2441 4100 2608 4150 sese
2637 4080 2973 4168 obligat.

1127 4205 1320 4288 1343,
1368 4207 1475 4271 24.
1522 4203 1845 4291 Aprilis».
1894 4202 2425 4292 (Krakoviae.)

780 4341 1002 4427 (Arci.
1047 4341 1115 4409 S.
1170 4343 1370 4407 Wenc.
1417 4383 1504 4393 -
1538 4342 1755 4430 onyca
1797 4343 1927 4408 Vll.
1954 4367 2024 4428 p.
2060 4345 2205 4412 342.
2237 4381 2324 4392 -
2355 4341 2566 4407 Emzer
2595 4341 2708 4410 ιν.
2747 4315 2988 4432 1255.)'

3182 1470 3192 1607 ὃ*
3178 467 3192 1425 .--ῑ-.-μ.-·.·-ῌ-Ιι,----
