3288 4973
1303 464 1697 523 —565—

500 662 653 730 607.
703 660 1123 732 conventio
1170 681 1340 732 cum
1385 661 1708 733 ducibus
1756 661 2343 734 Stetinensibus.

979 786 1174 865 1370,
1221 789 1330 853 14.
1375 783 1580 853 Maii.
1629 782 1991 872 (Gubyn.)

503 920 775 976 Kazemar
810 920 1050 990 hertzog
1085 936 1158 976 ιιι
1195 922 1382 977 Stetin
1418 936 1470 977 u.
1499 922 1809 990 Pommern‚
1834 921 1933 977 der
1958 920 2175 976 Wende
2200 936 2252 976 u.
2281 920 2380 975 der
2406 896 2709 975 Canubiu-

292 1008 541 1079 hertzog,
569 1008 879 1063 verbundet
903 1007 1026 1061 sich
1050 1007 1140 1061 fur
1177 1007 1299 1061 sich
1336 1022 1388 1062 u.
1419 1007 1573 1063 seine
1610 1008 1835 1078 briider,
1872 1006 1961 1063 die
2000 1010 2269 1077 hertzoge
2297 1005 2597 1062 Svantibor
2628 1020 2681 1059 u.

289 1094 574 1165 Bnjeslav,
613 1094 736 1149 dem
772 1094 839 1148 K.
877 1093 1016 1150 Karl
1054 1094 1154 1149 IV.
1191 1110 1264 1149 ιιι
1300 1094 1574 1163 hemana,
1611 1095 2009 1151 insbesondere
2054 1096 2145 1149 fur
2194 1095 2303 1149 den
2348 1092 2471 1161 fall,
2518 1106 2682 1147 wenn

289 1182 584 1249 markgraf
633 1180 769 1236 Otto
824 1196 873 1234 v.
933 1180 1343 1251 Brandenburg
1404 1181 1523 1235 sein
1586 1197 1658 1237 ιιι
1707 1188 1957 1251 guneten
2011 1182 2110 1237 des
2164 1183 2290 1235 ken.
2346 1178 2569 1235 Hauses
2623 1176 2682 1231 in

289 1267 536 1323 Bohmen
573 1268 898 1335 gemachtes
936 1267 1377 1322 vermaechtnias
1412 1282 1485 1321 zu
1522 1268 1768 1323 aendern
1804 1268 2119 1323 versuchen
2157 1267 2342 1322 sollte.

497 1386 711 1471 (Arch.
754 1388 824 1454 S.
884 1388 1088 1454 chc.
1137 1427 1221 1437 —
1263 1388 1496 1453 Riedel
1539 1389 1626 1452 Π.
1680 1393 1764 1477 2.)

491 1634 645 1700 608.
691 1630 989 1701 Foedus
1036 1648 1205 1699 cum
1249 1629 1573 1701 Alberto
1620 1629 1999 1703 Bavariae
2044 1630 2256 1700 duce.

875 1752 1072 1836 1370,
1117 1754 1226 1821 13.
1273 1751 1324 1822 J
1326 1750 1513 1821 unii.
1567 1750 2077 1838 (Kemnateu.)

492 1866 764 1944 Albreclit
814 1891 1052 1960 hertzog
1102 1890 1158 1945 in
1214 1889 1437 1959 Baiern‚
1486 1888 1755 1945 schliesst
1801 1890 1906 1945 mit
1950 1890 2017 1944 Κ.
2056 1888 2196 1944 Karl
2231 1888 2333 1943 IV.
2381 1902 2435 1942 u.
2474 1886 2676 1941 descen

284 1975 472 2044 soline,
531 1974 598 2029 K.
637 1976 889 2045 Wenzel,
943 1977 1044 2031 der
1097 1976 1252 2031 seine
1306 1978 1530 2032 tochter
1582 1977 1840 2032 Johanna
1888 1992 1989 2031 zur
2034 1975 2321 2045 gemahlin
2357 1974 2537 2041 hatte,
2578 1971 2671 2027 ein

279 2060 713 2203 ζοΙΞῖιὲιι-ιιιιέἰῖἰε
749 2062 1218 2117 schutzbfindnias
1241 2077 1432 2133 gegen
1448 2062 1797 2133 jedermann‚
1823 2076 2255 2132 ausgenommen
2282 2060 2370 2116 die
2395 2061 2667 2128 hertzoge

488 2269 716 2355 (Arch.
767 2270 837 2334 S.
898 2269 1136 2357 chc.)

481 2516 634 2582 609.
680 2511 1115 2600 Aequisitio
1162 2513 1241 2580 et
1282 2511 1805 2598 incorporatio
1855 2510 2141 2580 march.
2189 2507 2573 2579 Lusatiae.

1113 2643 1307 2728 1370,
1357 2647 1422 2711 1.
1471 2640 1835 2729 Augusti.

485 2781 608 2834 Dva
660 2779 797 2847 listy
845 2797 880 2834 v
920 2779 1282 2849 jednostajna
1331 2780 1487 2835 slova
1523 2780 1734 2836 ciesare
1778 2779 1971 2848 Karla,
2008 2783 2072 2833 ιθ
2102 2779 2223 2849 jest
2258 2774 2668 2832 markrabstvie

273 2867 492 2923 luzicke
530 2882 599 2921 za
635 2869 734 2922 eve
770 2867 1015 2922 vlastnie
1051 2867 1285 2935 penieze
1322 2867 1516 2935 kaupil
1549 2884 1583 2920 a
1621 2884 1657 2923 v
1694 2865 2006 2922 kralovstvi
2042 2864 2210 2935 spoju
2248 2866 2431 2918 ceske.

489 2989 720 3043 Carolus
757 2988 824 3044 Β..
861 2987 906 3042 1.
947 2994 1006 3042 et
1035 2988 1096 3041 B.
1137 3003 1179 3040 r.
1211 2987 1654 3044 marchionatum
1678 2985 1949 3042 Lusatiae
1979 3001 2103 3042 cum
2128 2985 2367 3041 dominio
2393 2984 2668 3052 Mulberg,

273 3077 425 3132 Strel
462 3081 524 3130 et
558 3075 972 3144 Werdenheim‚
1009 3091 1108 3131 sua
1145 3073 1384 3143 pecunia
1410 3082 1657 3144 emptum
1680 3090 1856 3143 regno
1882 3075 1943 3127 B.
1974 3073 2237 3142 adjungit
2265 3079 2323 3126 et
2348 3070 2671 3139 incorporat

271 3161 618 3217 auctoritate
669 3161 972 3232 Imperiali,
1027 3161 1361 3230 statuitque,
1416 3176 1488 3216 ne
1541 3175 1787 3229 unquam
1840 3161 1909 3216 ab
1962 3159 2211 3229 eJnedem
2265 3157 2425 3226 regni
2465 3173 2667 3212 corona

272 3249 528 3317 alienari,
565 3247 735 3302 vendi
774 3255 874 3304 aut
909 3248 1163 3317 pignoris
1201 3248 1370 3302 titulo
1409 3247 1653 3303 distrahi
1688 3247 1907 3303 debeat.

481 3370 562 3436 In
608 3370 870 3437 nomine
914 3379 1190 3439 sanctae
1223 3378 1294 3436 et
1325 3369 1711 3438 individuae
1742 3370 2100 3436 Trinitatis
2131 3365 2424 3433 feliciter
2453 3384 2663 3432 amen.

481 3475 761 3541 Carolus
808 3475 921 3540 IV.
969 3475 1095 3541 Dei
1142 3474 1418 3542 favente
1466 3473 1819 3540 clementia
1865 3473 1946 3539 R.
1993 3471 2045 3539 Ι.
2091 3491 2142 3538 S.
2187 3491 2243 3538 a.
2292 3475 2363 3536 et
2407 3469 2483 3536 B.
2526 3487 2666 3535 reX.

481 3581 588 3646 Ad
635 3583 1028 3661 perpetuam
1074 3579 1174 3646 rei
1221 3577 1618 3645 memoriam.

479 3683 671 3749 Inter
745 3683 1216 3750 meditationes
1292 3682 1480 3764 aliae,
1556 3701 1726 3762 quae
1803 3685 2077 3747 nostrae
2145 3677 2387 3746 mentis
2454 3674 2661 3744 oculis

265 3789 478 3858 variis
525 3788 735 3855 modis
784 3793 1162 3870 occurrunt,
1210 3790 1298 3854 ad
1340 3788 1466 3853 hoc
1513 3785 1873 3868 praecipue
1918 3784 2367 3851 consideratio
2427 3786 2663 3846 nostra

263 3892 601 3977 dirigitur,
675 3891 966 3972 qualiter
1040 3895 1128 3959 ad
1200 3893 1515 3958 honorem
1590 3889 1721 3956 Dei
1796 3887 2270 3971 omnipotentis
2340 3891 2409 3953 et
2480 3885 2659 3952 sacri

261 3995 546 4064 Romani
590 3995 865 4076 Imperii
911 3997 1114 4062 decus
1169 4002 1240 4062 et
1285 3994 1566 4080 gloriam
1611 4012 1891 4077 regnum
1938 4001 2009 4060 et
2055 4010 2299 4058 corona
2344 3988 2658 4058 Boemiae

261 4109 620 4186 augmento
696 4098 880 4166 felici
947 4099 1300 4181 proficiant
1376 4106 1446 4165 et
1513 4105 1786 4164 nostrae
1855 4096 2248 4183 diligentiae
2316 4093 2657 4162 laboribus

258 4209 654 4290 augeantur,
701 4207 780 4268 ut
823 4201 892 4268 in
936 4205 1061 4269 hoc
1107 4203 1390 4270 celebris
1439 4207 1508 4268 et
1553 4201 1952 4268 recolendae
2008 4200 2359 4268 memoriae
2422 4216 2657 4281 proge-

257 4310 550 4377 nitorum
595 4312 977 4374 nostrorum
1030 4307 1365 4374 imitemur
1420 4306 1711 4389 vestigia
1771 4311 1841 4372 et
1903 4311 2169 4372 nostros
2231 4305 2515 4370 heredes
2578 4319 2656 4367 ac

258 4420 570 4496 posteros
640 4410 969 4477 consolari
1029 4412 1354 4494 possimus
1415 4417 1484 4477 et
1546 4409 1992 4492 magnificatis
2041 4427 2246 4492 regno
2295 4413 2365 4474 et
2411 4423 2657 4473 corona
