3288 4973
1454 307 1848 366 —334—

446 511 805 576 heredibus
850 512 937 576 ab
986 511 1113 575 hac
1160 509 1306 574 luce
1363 509 1652 592 migrare
1713 509 2150 590 contingeret,
2202 527 2470 591 regnum
2533 508 2843 572 Boemiae

450 612 845 698 praefatum,
876 631 1135 678 necnon
1178 630 1403 678 omnes
1448 613 1864 694 principatus
1896 619 1966 676 et
1998 613 2308 695 dominia,
2335 613 2445 692 qui
2479 613 2566 677 ad
2599 611 2849 676 dictum

452 736 721 800 regnum
773 717 1081 782 Boemiae
1131 717 1493 799 pertinent,
1540 716 1929 782 nominatim
1995 715 2376 785 comitatum
2437 717 2838 782 Lucembur-

444 839 717 906 gensem
767 840 911 888 cum
958 823 1261 888 omnibus
1294 821 1431 888 suis
1477 821 1924 904 pertinentiiS,
1955 823 2040 888 ad
2074 820 2532 902 supradictum
2561 818 2845 885 fratrem

446 932 762 1010 nostrum,
809 933 924 993 aut
984 945 1061 992 eo
1122 944 1252 991 non
1318 931 1613 1008 extante,
1680 927 1964 992 heredes
2025 925 2170 992 sive
2232 925 2637 1007 proheredes
2693 941 2845 989 suos

448 1031 781 1113 legitimos
830 1049 1031 1097 sexus
1079 1031 1445 1114 masculini,
1495 1029 1840 1096 Moraviae
1896 1030 2330 1108 marchiones,
2377 1031 2627 1108 absque
2673 1027 2841 1093 elec-

446 1136 630 1202 tione
690 1137 837 1202 sive
901 1136 1354 1216 assumptione
1434 1135 1568 1200 alia
1629 1141 1700 1201 et
1758 1137 2013 1215 absque
2083 1133 2482 1201 difficultate
2545 1131 2847 1213 qualibet

446 1241 865 1320 devolvatur,
934 1247 1004 1304 et
1050 1241 1224 1319 quod
1269 1239 1345 1321 is,
1417 1238 1603 1304 cuius
1665 1245 1823 1304 tunc
1884 1239 2027 1305 iure
2071 1236 2399 1319 praefato
2459 1242 2529 1302 et
2589 1236 2845 1303 virtute

447 1344 923 1409 declarationis
974 1343 1363 1425 praedictae
1409 1343 1740 1409 interesse
1774 1343 2131 1424 videbitur,
2178 1343 2248 1408 in
2281 1341 2594 1408 Boemiae
2623 1358 2842 1422 regem

444 1447 697 1514 assumi
745 1453 815 1512 et
864 1447 1169 1514 coronari
1201 1449 1464 1530 debeat,
1505 1447 1972 1528 impedimento
2009 1446 2306 1526 quolibet
2335 1463 2467 1510 non
2499 1447 2845 1524 obstant03

446 1551 559 1634 qui
624 1552 893 1632 deniqui
950 1550 1218 1634 nostriS,
1280 1552 1623 1630 heredum,
1686 1552 2124 1632 proheredum
2185 1551 2330 1616 sive
2392 1565 2846 1616 successorum

448 1661 843 1739 nostrornm,
890 1674 1117 1738 regum
1188 1656 1519 1738 Boemiae,
1580 1654 1865 1738 filiabus,
1923 1655 1982 1720 si
2046 1673 2212 1735 quas
2257 1653 2717 1736 dimiserimus,
2764 1655 2846 1718 de

450 1765 844 1843 congruenti
868 1767 1073 1844 statu,
1096 1763 1459 1828 secundum
1491 1761 1678 1842 regni
1707 1759 2016 1826 Boemiae
2041 1760 2588 1826 consuetudinem
2608 1776 2846 1840 appro-

451 1869 693 1943 batam,
757 1867 1098 1932 tenebitur
1158 1871 1229 1932 et
1275 1866 1544 1932 debebit
1593 1867 1913 1931 decenter
1962 1870 2030 1930 et
2077 1862 2426 1946 magnifice
2473 1861 2844 1943 providere.

658 2022 776 2088 ix.
810 2021 1040 2102 Neque
1088 2040 1229 2104 nos,
1276 2023 1561 2088 heredes
1608 2023 1715 2087 vel
1777 2039 2199 2088 successores
2254 2022 2486 2102 nostri,
2534 2019 2842 2086 Boemiae

452 2146 663 2210 regesi,
686 2128 933 2193 dictum
964 2145 1239 2208 regnum
1268 2125 1598 2205 Boemiae,
1618 2125 1726 2190 vel
1751 2124 2176 2206 supradictus
2205 2123 2513 2206 princeps
2535 2129 2608 2190 et
2630 2123 2844 2189 frater

450 2239 679 2298 noster
735 2233 843 2296 vel
900 2233 1187 2298 heredes
1248 2230 1371 2311 sui,
1420 2231 1835 2297 marchiones
1901 2229 2261 2312 Moraviae,
2319 2228 2841 2294 marchionatum

448 2339 749 2418 eundem,
798 2337 867 2401 in
933 2342 1076 2401 toto
1142 2337 1247 2402 vel
1309 2336 1373 2401 in
1442 2341 1654 2416 parte,
1715 2334 2064 2401 occasione
2125 2332 2411 2398 filiarum
2463 2339 2838 2399 nostrarum

449 2443 800 2522 utrobique
848 2448 967 2507 aut
1012 2441 1147 2507 alia
1192 2459 1396 2507 causa
1438 2457 1854 2521 quacumque
1887 2441 2154 2519 donare,
2189 2439 2496 2518 vendere,
2549 2421 2875 2520 obligare

446 2554 569 2619 aut
614 2548 909 2613 alienare
957 2547 1342 2612 debebimus
1388 2546 1607 2626 aliquo
1658 2544 2262 2611 dismembrationis
2310 2548 2427 2609 aut
2463 2547 2838 2622 sequestra·

451 2653 653 2717 tionis
698 2653 908 2731 modo,
958 2670 1085 2730 quo
1134 2651 1426 2731 praefati
1474 2651 1662 2732 regni
1707 2650 2020 2715 Boemiae
2051 2667 2296 2715 corona
2325 2654 2394 2713 et
2428 2647 2838 2728 principatus

448 2774 529 2822 ac
556 2755 860 2839 dominia,
893 2774 1063 2835 quae
1096 2755 1180 2819 ad
1215 2755 1391 2820 idem
1418 2772 1690 2835 regnum
1726 2753 2034 2818 Boemiae
2066 2752 2426 2834 pertinent,
2458 2748 2841 2832 specialiter

448 2861 805 2925 comitatus
844 2860 1447 2941 Lucemburgensis
1505 2878 1651 2924 cum
1685 2858 1823 2923 suis
1856 2856 2299 2939 pertinentiis,
2339 2865 2413 2920 ut
2447 2854 2838 2936 praefertur,

448 2983 490 3029 a
558 2962 757 3029 dictis
838 2962 1181 3029 Moraviae
1248 2962 1758 3043 marchionibuS,
1815 2961 1919 3026 vel
1994 2960 2280 3041 praefati
2340 2959 2836 3025 marchionatus

446 3068 787 3134 devolutio
836 3086 877 3132 a
923 3068 1131 3149 nobiS,
1181 3067 1542 3133 heredibus
1586 3076 1655 3132 et
1690 3064 2188 3132 successoribus
2223 3066 2489 3145 nostris,
2529 3062 2838 3129 Boemiae

447 3172 735 3255 regibus,
781 3177 1012 3253 posset
1057 3171 1124 3236 in
1172 3171 1438 3237 casibus
1488 3170 1909 3252 praenotatis
1960 3170 2448 3250 quomodolibet
2494 3167 2839 3233 removeri.

658 3328 740 3395 X.
788 3329 1140 3394 Caeterum
1188 3327 1575 3409 praedictus
1612 3329 1919 3409 princeps
1952 3332 2020 3391 et
2050 3325 2264 3392 frater
2296 3332 2524 3391 noster
2553 3323 2842 3389 dilectus

444 3431 819 3498 huiusmodi
869 3440 1137 3499 nostrae
1186 3433 1448 3515 gratiae
1491 3432 1847 3516 largitione
1903 3437 2274 3514 contentuS‚
2314 3427 2839 3495 marchionatum

445 3536 789 3604 Mol-aviae
837 3538 1291 3619 supradictum
1342 3556 1487 3602 cum
1539 3538 1738 3619 digna
1787 3538 2150 3618 gratiarum
2213 3535 2477 3601 actione
2523 3532 2838 3613 suscepit,

443 3658 661 3721 neque
707 3642 869 3723 ipse,
926 3642 1209 3707 heredes
1258 3648 1329 3706 et
1377 3642 1779 3723 proheredes
1828 3642 1948 3723 sui,
2010 3639 2422 3705 marchiones
2477 3636 2838 3716 Moraviae‚

442 3754 735 3813 anostra
752 3746 1171 3827 celsitudine,
1193 3746 1548 3812 heredibus
1574 3752 1693 3811 aut
1717 3743 2214 3811 successoribus
2244 3742 2508 3822 nostriS,
2528 3740 2838 3805 Boemiae

443 3851 731 3933 regibus„
779 3849 959 3915 aliud
1012 3852 1367 3931 quidquam
1431 3868 1549 3931 per
1600 3850 2013 3931 divisionem,
2075 3848 2564 3914 successionem
2609 3846 2694 3909 ab
2741 3843 2835 3909 in·

447 3960 721 4036 testato,
782 3956 893 4019 vel
937 3954 1067 4019 alio
1134 3956 1369 4034 quovis
1434 3955 1651 4038 titulo,
1714 3954 1860 4020 iure
1919 3953 2027 4020 vel
2087 3952 2286 4034 fact0,
2343 3955 2659 4031 poterunt
2721 3966 2840 4013 seu

447 4060 787 4124 debebunt
853 4065 1161 4139 repetere
1209 4068 1325 4125 aut
1381 4059 1669 4139 exigere,
1728 4057 1860 4123 nisi
1918 4059 2093 4137 quod
2150 4055 2315 4137 ipsis
2374 4055 2458 4120 de
2517 4051 2837 4134 singulari

442 4161 676 4227 favore
753 4170 821 4227 et
896 4171 1169 4229 nostrae
1246 4163 1486 4227 mentis
1562 4162 1982 4244 beneplacito
2039 4160 2409 4226 liberaliter
2455 4148 2834 4225 duxerimus

444 4268 865 4348 erogandum.
