3288 4973
208 4 673 38 -*-ss-—-r-ss=-v---r
690 4 720 27 ’.’
791 4 804 17 Γ
861 4 878 19 ¹-

316 37 327 46 .

554 570 726 637 Item
773 573 1220 654 promittimus
1268 592 1627 657 procurare
1672 578 1745 640 et
1792 572 2055 641 efficere
2104 592 2222 656 pro
2268 592 2461 655 posse
2492 574 2740 641 Nostro

343 678 528 754 quod
573 676 986 761 Rudolphus,
1033 682 1164 745 dux
1206 680 1555 763 Bauariae,
1588 696 1941 763 germanus
1972 686 2222 763 noster,
2255 696 2480 745 omnes
2511 678 2745 745 literas

343 779 828 863 obligationum
875 790 944 849 et
977 784 1500 868 promissionum,
1545 803 1714 867 quas
1760 786 1965 851 habet
2010 790 2082 850 et
2127 784 2363 850 habuit
2394 785 2479 849 ab
2514 784 2743 849 eodem

345 901 511 966 rege
533 890 604 951 et
627 904 776 953 ven.
793 888 1184 972 BaldevinO,
1209 890 1614 957 Treverensi
1637 888 2160 971 archiepiscopo,
2179 886 2477 969 principe
2504 887 2747 954 Nostro

342 987 610 1073 dilecto,
643 990 883 1075 sigillis
930 1010 1158 1059 eorum
1191 993 1524 1079 sigillatas
1555 992 1907 1061 occasione
1937 990 2367 1075 promotionis
2400 990 2749 1057 faciendae

339 1094 426 1159 de
501 1097 732 1161 eodem
792 1114 954 1181 rege
1021 1096 1335 1165 Boemiae
1397 1099 1463 1164 in
1521 1116 1747 1181 regem
1818 1098 2281 1177 Romanorum,
2344 1114 2469 1225 per
2534 1095 2747 1177 ipsum

339 1199 582 1264 ducem
625 1200 967 1267 restituet.

553 1302 726 1369 Item
794 1324 940 1371 cum
1004 1308 1136 1373 dux
1199 1307 1522 1376 Austriae
1591 1313 1823 1375 teneat
1896 1305 1963 1372 in
2041 1304 2346 1372 Moravia
2422 1304 2740 1384 quasdam

336 1412 584 1489 terraS,
663 1407 974 1477 videlicet
1046 1410 1360 1479 Znomam
1435 1418 1729 1479 castrum
1805 1416 1876 1477 et
1936 1410 2246 1491 oppidum
2309 1414 2376 1474 et
2439 1406 2743 1475 Boerlicz

343 1511 678 1593 oppidum,
748 1530 893 1579 cum
941 1533 1164 1581 eorum
1214 1516 1643 1598 pertinentiis
1690 1533 1809 1597 pro
1858 1520 2047 1582 certa
2114 1512 2435 1595 pecuniae
2492 1529 2741 1579 summa

337 1614 700 1699 obligataS‚
759 1622 831 1684 et
894 1623 1218 1701 quaedam
1279 1640 1436 1703 pars
1485 1621 1710 1687 dictae
1758 1618 2081 1701 pecuniae
2143 1616 2235 1683 sit
2295 1618 2533 1695 soluta,
2598 1634 2745 1697 pro·

339 1719 666 1786 mittimus
685 1722 932 1788 dictum
953 1726 1186 1791 ducem
1213 1727 1298 1791 ad
1325 1725 1448 1793 hoc
1473 1726 1808 1807 inducere,
1832 1729 1909 1789 ut
1945 1722 2163 1789 dictas
2190 1729 2426 1801 terraS,
2452 1724 2745 1787 castrum

337 1830 410 1888 et
455 1826 702 1905 oppida
747 1844 893 1892 cum
939 1846 1162 1894 eorum
1193 1829 1530 1898 universis
1561 1828 1942 1897 attinentiis
1974 1828 2191 1893 eidem
2221 1824 2367 1909 regi
2402 1826 2745 1907 restituat,

341 1928 686 1995 mediante
733 1948 984 1999 summa
1031 1932 1374 2017 pecuniae,
1419 1939 1495 1998 ut
1539 1938 1834 2001 tenetur.

549 2032 720 2101 Item
781 2038 1243 2121 promittimus,
1305 2039 1482 2119 qnod
1539 2054 1827 2103 summas
1886 2032 2317 2119 pecuniarum
2380 2032 2739 2114 promissas

335 2142 412 2202 et
481 2140 700 2207 adhuc
767 2142 1122 2209 solvendas
1191 2142 1524 2210 nobilibus
1592 2141 1760 2207 viris
1828 2138 1983 2207 Ger.
2050 2136 2277 2204 comiti
2344 2137 2391 2203 J
2397 2135 2739 2211 uliacensi,

335 2240 586 2308 Adolfo
635 2244 858 2312 comiti
907 2249 992 2314 de
1039 2248 1267 2315 Monte
1315 2252 1386 2315 et
1429 2246 1663 2314 Ottoni
1721 2246 1803 2311 de
1851 2242 2003 2309 de
2050 2261 2091 2307 a
2138 2240 2317 2307 dicto
2364 2258 2525 2324 rege
2574 2242 2739 2305 Boe-

335 2346 514 2412 miae
561 2350 908 2417 occasione
955 2369 1116 2419 suae
1165 2350 1592 2434 promotionis
1640 2349 1711 2415 in
1756 2366 1981 2433 regem
2012 2346 2457 2413 Romanorum
2490 2344 2738 2411 eisdem

333 2450 814 2539 persolvemuS,
890 2454 1077 2523 iuxta
1151 2474 1415 2523 suarum
1487 2452 1967 2523 continentiam
2038 2450 2383 2518 literarum
2460 2466 2500 2514 a
2560 2448 2739 2516 dicto

335 2573 504 2639 rege
549 2557 862 2626 Boemiae
907 2561 1073 2642 ipsis
1121 2579 1604 2643 concessarum,
1660 2565 1731 2627 et
1779 2558 1990 2624 eidem
2038 2556 2255 2623 dictas
2303 2554 2534 2621 literas
2582 2572 2738 2622 suas

332 2660 779 2745 obligatorias
843 2683 1044 2747 super
1118 2665 1318 2732 dictis
1394 2664 1819 2748 pecuniarum
1895 2659 2157 2726 summis
2234 2661 2427 2724 datas
2490 2657 2736 2723 liberas

336 2765 617 2831 restitui
661 2768 1160 2849 procurabimus
1208 2777 1278 2837 et
1321 2769 1658 2837 faciemus,

549 2870 722 2938 Item
765 2873 1136 2959 obligamus
1168 2875 1298 2941 sibi
1329 2894 1448 2958 pro
1481 2876 1709 2940 decem
1738 2869 2029 2936 millibus
2061 2884 2435 2933 marcarum
2467 2866 2733 2950 argenti

333 2981 594 3042 terram
643 2977 1006 3061 Egi-ensem
1057 2985 1126 3044 et
1172 2986 1400 3046 castra
1445 2979 1604 3046 Vlos
1637 2983 1707 3042 et
1740 2973 2209 3056 Barkenstein,
2240 2990 2385 3038 cum
2434 2970 2734 3036 omnibus

335 3079 707 3165 regalibus,
739 3082 1063 3166 dominiis,
1096 3102 1276 3150 mero
1317 3090 1388 3150 et
1431 3083 1637 3149 mixto
1685 3079 1980 3162 imperio,
2010 3076 2360 3159 fructibus,
2390 3075 2737 3158 reditibus,

333 3182 602 3250 iuribus
649 3193 718 3250 et
762 3186 912 3252 aliis
959 3187 1458 3267 quibuscunque
1519 3183 1947 3268 pertinentiis
2008 3201 2128 3264 pro
2176 3178 2487 3262 expensis
2532 3179 2734 3245 factis
2774 3191 2779 3200 ’

333 3307 464 3372 per
529 3292 812 3358 eundem
875 3291 1223 3360 occasione
1293 3291 1721 3374 promotionis
1797 3293 2068 3355 nostrae
2144 3285 2209 3352 in
2287 3285 2731 3351 Romanorum

337 3411 588 3478 regem,
655 3415 999 3477 quousque
1067 3397 1196 3464 sibi
1264 3403 1384 3463 aut
1451 3397 1588 3462 suis
1656 3394 2015 3461 heredibus
2084 3392 2165 3457 de
2237 3389 2418 3456 dicta
2480 3407 2731 3455 summa

335 3499 607 3584 integre
650 3500 856 3568 fuerit
901 3503 1338 3586 satisfactum,
1371 3500 1819 3585 percipiendis
1852 3493 2237 3580 (fructibus)
2274 3491 2401 3560 sibi
2433 3498 2503 3558 et
2543 3493 2731 3558 here-

337 3603 536 3670 dibus
585 3606 720 3672 suis
767 3605 838 3671 in
883 3613 1128 3674 sortem
1175 3607 1437 3674 minime
1495 3603 1971 3688 computandis.

517 3708 600 3774 In
643 3728 918 3790 quorum
964 3763 981 3781 .
1029 3765 1044 3781 .
1091 3763 1104 3777 .
1155 3765 1166 3776 .

555 3815 800 3882 Datum
860 3817 1168 3884 Coloniae
1214 3818 1301 3884 II.
1347 3817 1574 3884 Nonas
1621 3813 2011 3881 Decembris
2056 3831 2113 3877 a.
2162 3808 2240 3874 D.
2290 3809 2493 3888 1314.,
2543 3804 2735 3886 regni

341 3936 508 3985 vero
555 3919 788 3988 Nostri
834 3939 1006 3988 anno
1051 3921 1104 3988 Ι.

555 4023 648 4112 (Ε
686 4024 884 4088 litera
928 4027 1229 4112 recoquit.
1277 4025 1606 4090 Balduini
1658 4021 2141 4108 archiepiscopi
2202 4011 2606 4080 Trev0r0n8i8
2654 4007 2735 4071 ab

336 4149 512 4194 anno
559 4129 764 4217 1335„
795 4133 978 4217 cujus
1003 4131 1161 4216 oriq.
1211 4130 1280 4192 in
1326 4131 1590 4195 archivo
1640 4127 1705 4196 C.
1737 4128 1814 4195 R.
1845 4125 1996 4193 Aul.
2040 4121 2383 4188 Vindobon.
2415 4123 2733 4194 servatur,

335 4235 828 4300 communicavit
903 4235 1024 4302 Dr.
1101 4233 1204 4301 Fr.
1282 4231 1580 4319 Palaclty.
1646 4269 1735 4283 —-·
1802 4229 2021 4318 Chytil
2102 4227 2201 4295 VI.
2267 4224 2419 4290 add.
2488 4223 2588 4286 22.
2649 4255 2735 4267 —-

341 4339 506 4412 Eml.
553 4338 677 4410 ΙΙΙ.
720 4339 898 4427 232.)
