3288 4973
1565 354 1911 415 -68-

537 563 748 645 cipem
795 567 866 628 et
909 557 1235 628 vasallum
1278 556 1614 642 magnifici
1659 555 1924 639 domini,
1968 554 2213 622 domini
2257 554 2489 638 nostri,
2538 556 2597 621 d.
2642 551 2691 619 J
2692 552 2953 619 oannis

534 669 616 734 B.
656 670 726 733 et
770 666 840 733 P.
891 664 1072 748 regis
1116 664 1399 730 illustris
1445 681 1525 729 ac
1571 661 1833 728 comitis
1879 660 1972 742 L„
2019 666 2089 727 et
2120 663 2203 726 ab
2236 678 2314 726 eo
2348 664 2600 726 terram
2632 667 2956 723 nostram

537 772 1112 854 Tesschynensem
1159 787 1304 834 cum
1351 766 1488 834 suis
1535 765 1925 833 civitatibus
1974 771 2045 831 et
2090 763 2353 845 castriS,
2399 763 2532 829 vid.
2581 761 2957 844 Tesschyn

537 875 819 942 civitate
867 891 1011 939 cum
1057 876 1299 954 castro,
1343 872 1756 952 Freyenstat
1816 874 1882 934 et
1942 869 2159 935 Belitz
2222 867 2630 949 civitatibuS,
2690 865 2959 932 Zchot-

537 979 764 1046 schow
806 981 875 1044 et
918 977 965 1042 J
969 975 1214 1043 emnitz
1247 974 1507 1058 oppidis
1541 991 1688 1040 cum
1718 971 2195 1040 munitionibus
2228 975 2298 1037 et
2332 970 2653 1038 Ostravia
2687 975 2962 1052 castre,

541 1101 692 1149 cum
739 1081 938 1148 etiam
983 1080 1163 1147 villis
1211 1077 1312 1165 (ut
1359 1099 1568 1162 supra
1613 1078 1684 1140 in
1733 1075 1944 1139 literis
1984 1073 2527 1159 praecedentibus
2572 1071 2708 1159 58).

748 1185 999 1250 Datum
1046 1187 1116 1248 et
1159 1185 1382 1249 actum
1427 1181 1496 1248 in
1542 1180 1801 1264 Opavia
1842 1199 1901 1246 a.
1946 1181 2048 1263 D.,
2099 1185 2283 1262 1327,
2324 1175 2673 1244 Kalendas
2704 1177 2963 1244 Martii

543 1288 950 1356 duodecimo.

747 1391 865 1476 (A.
890 1388 986 1459 K.
1018 1425 1104 1437 -
1133 1388 1326 1456 Areh.
1359 1386 1426 1456 S.
1465 1387 1672 1455 Wenc.
1701 1425 1787 1437 --
1818 1386 2130 1457 Pulkava.
2161 1425 2247 1437 -
2278 1386 2526 1452 Grilnb.
2560 1385 2643 1456 Π.
2676 1363 2835 1454 559.
2868 1425 2967 1436 --

544 1495 762 1562 Emler
807 1494 926 1564 ΠΙ.
974 1493 1192 1580 1275.)

750 1653 859 1721 60.
903 1647 1378 1719 wladislaus
1435 1647 1592 1718 dux
1639 1648 2035 1720 Cozlensis
2096 1646 2586 1735 recognoscit
2630 1665 2717 1718 se
2764 1665 2966 1718 esse

552 1754 931 1827 vasallum
976 1753 1191 1841 regis
1225 1752 1602 1823 Boenfiae.

1437 1859 1632 1944 1327,
1678 1861 1786 1927 19.
1833 1857 2053 1928 Febr.

757 1971 885 2026 List
908 1969 1235 2025 vladislava
1258 1967 1520 2024 kniezete
1539 1969 1909 2039 Kozelskeh0‚
1936 1975 2000 2026 ze
2021 1971 2090 2024 od
2118 1971 2275 2025 krale
2292 1971 2439 2026 Jena
2470 1985 2545 2024 na
2576 1973 2679 2025 sva
2710 1971 2975 2036 panstvi

547 2057 725 2116 Kozle
745 2059 869 2112 leno
885 2055 1052 2127 pfijal
1067 2072 1101 2111 a
1118 2056 1386 2124 zavazuje
1412 2071 1472 2110 se
1495 2055 1756 2111 buducim
1780 2057 1997 2112 kralom
2016 2058 2235 2124 cesluim
2262 2057 2370 2125 pod
2406 2059 2661 2112 manstvi.
2702 2055 2808 2124 (A.
2858 2057 2975 2126 K.)

755 2155 892 2222 Nos
937 2153 1345 2222 Wladislaus
1392 2154 1526 2218 dux
1571 2154 1906 2220 Coslensis
1952 2153 2488 2238 recognoscimus
2536 2157 2605 2220 et
2648 2151 2993 2226 fatemur.

555 2266 790 2328 tenore
836 2257 1288 2340 praesentium
1335 2256 1687 2341 universis,
1735 2277 1855 2324 nos
1901 2277 2052 2325 esse
2096 2258 2460 2341 principem
2510 2263 2581 2324 et
2622 2258 2981 2326 vasallum

549 2363 885 2448 magnifici
929 2360 1176 2428 domini
1221 2361 1454 2445 nostri,
1501 2361 1771 2447 dominio
1792 2362 1840 2428 J
1843 2363 2077 2458 oannis
2109 2363 2183 2428 B.
2217 2367 2287 2428 et
2320 2363 2392 2427 P.
2425 2361 2605 2446 regis
2659 2360 2977 2430 illustris

551 2488 632 2537 ac
677 2467 753 2535 L.
804 2463 1080 2549 comitis,
1125 2469 1195 2531 et
1238 2467 1324 2531 ab
1372 2483 1449 2531 eo
1493 2469 1749 2533 terram
1792 2470 2088 2533 nostram
2154 2466 2533 2534 Coslensem
2596 2483 2745 2533 cum
2806 2469 2978 2535 suis

553 2571 941 2641 civitatibus
1000 2570 1224 2653 Kosla,
1283 2570 1629 2655 Peuthum‚
1690 2571 2320 2655 Peyzenchreschin
2366 2590 2446 2637 ac
2494 2570 2761 2654 castris,
2812 2573 2978 2639 vid.

553 2678 720 2744 Tost
779 2680 849 2743 et
908 2674 1251 2757 Slabatyn‚
1319 2692 1464 2741 cum
1533 2676 1735 2741 etiam
1800 2675 2001 2758 villis,
2066 2674 2458 2758 hominibus,
2526 2673 2809 2741 vasallis
2894 2682 2979 2743 et

554 2780 876 2847 militibus
921 2780 1007 2843 ad
1064 2778 1250 2860 ipsas
1309 2782 1379 2843 et
1439 2776 1589 2859 ipsa
1650 2780 2115 2861 spectantibus
2178 2796 2258 2844 ac
2317 2778 2469 2845 aliis
2534 2779 2677 2845 suis
2740 2782 2979 2859 perti·

555 2883 804 2953 nentiis
865 2882 1216 2965 universis,
1273 2882 1342 2948 in
1405 2882 1902 2964 quibuscunque
1965 2885 2357 2966 consistant,
2418 2902 2581 2963 quas
2642 2887 2715 2949 et
2777 2902 2981 2964 quae

555 3006 730 3056 nunc
776 2988 1095 3053 habemus
1141 2992 1210 3052 et
1242 2985 1310 3052 in
1354 2992 1689 3067 posterum
1723 3006 1943 3053 sumus
1976 3004 2368 3069 quocunque
2397 2987 2596 3053 titulo
2628 2987 2981 3077 habituri,

561 3096 812 3175 nostro,
861 3091 1180 3157 heredum
1227 3102 1296 3156 et
1341 3109 1800 3158 successorum
1837 3098 2235 3175 nostrorum,
2266 3094 2503 3159 ducum
2534 3091 2985 3162 Ooslensium

559 3195 837 3278 nomine,
861 3193 1220 3275 ,recepisse
1265 3194 1336 3261 in
1380 3194 1649 3262 feudum
1694 3201 1763 3262 et
1818 3199 1902 3263 ab
1962 3196 2108 3279 ipso
2168 3202 2400 3262 tenere
2460 3214 2541 3261 ac
2601 3196 2981 3277 possidere

549 3302 703 3385 jure
749 3316 828 3365 ac
873 3298 1073 3367 titulo
1117 3297 1393 3382 feodali3
1439 3301 1762 3384 volentes,
1810 3306 1936 3368 etc.
1984 3302 2086 3387 (ut
2130 3311 2341 3386 supra
2386 3301 2457 3362 in
2504 3296 2715 3363 literis
2742 3321 2979 3385 prae-

559 3400 924 3467 cedentibus
971 3400 1086 3463 sul>
1133 3422 1194 3469 n.
1238 3401 1372 3486 58).

766 3506 1023 3575 Harum
1067 3510 1446 3572 nostrarum
1491 3505 1870 3574 testimonio
1918 3508 2262 3575 literarum
2308 3512 2541 3577 datum
2586 3510 2655 3577 in
2688 3508 2983 3593 opavia

562 3634 620 3682 a.
666 3611 746 3681 D.
799 3616 983 3693 1327,
1027 3610 1148 3676 XI.
1193 3608 1324 3676 Kal
1367 3611 1615 3677 Martii.

773 3714 894 3801 (A.
940 3712 1036 3783 K.
1081 3751 1170 3761 —
1215 3713 1525 3781 Pulkava.
1565 3753 1642 3765 —
1680 3715 1929 3782 Grilnh.
1964 3716 2052 3782 II.
2083 3717 2230 3785 417.
2260 3754 2347 3766 —
2377 3716 2539 3785 Eml.
2571 3716 2696 3785 ΙΙΙ.
2727 3718 2985 3810 1279.)

769 3874 878 3941 61.
927 3870 980 3939 J
981 3888 1262 3939 oannes
1308 3889 1447 3939 rex
1494 3870 2002 3943 Wladislaum
2050 3872 2316 3944 ducem
2371 3873 2833 3944 Koslensem
2886 3879 2979 3949 in

564 3973 1113 4063 protectionem
1160 3994 1374 4043 suam
1418 3974 1718 4063 recipit.

1455 4090 1652 4176 1327,
1698 4094 1805 4159 19.
1853 4089 2073 4159 Febr.

774 4201 911 4268 Nos
956 4200 1299 4267 Johannes
1345 4202 1424 4269 D.
1473 4223 1568 4286 gr.
1617 4205 1690 4271 Β.
1738 4208 1806 4269 et
1859 4204 1931 4272 P.
1990 4224 2112 4271 rex
2171 4224 2250 4271 ac
2310 4204 2384 4271 L.
2445 4223 2682 4292 comes,
2726 4184 2983 4281 notum

569 4306 844 4374 facimus
917 4310 1152 4371 tenore
1229 4308 1685 4387 praesentium
1757 4308 2110 4394 universis,
2183 4312 2378 4395 quod,
2452 4310 2608 4391 quia
2674 4312 2987 4385 illustris
