3288 4973
1287 380 1632 441 ...69-

297 584 660 652 wladizlaus
707 587 852 652 dux
894 584 1249 652 Kozlensis
1293 586 1375 650 ob
1424 581 1737 666 specialis
1783 584 2027 651 amoris
2072 582 2399 667 affectum,
2447 601 2641 664 quem

295 692 363 755 ad
411 697 692 756 nostram
757 688 938 774 gerit
998 688 1476 771 celsitudinem,
1545 687 1857 771 princeps
1929 692 1997 755 et
2056 687 2353 754 vasallus
2414 693 2647 754 noster

221 799 226 804 “
297 812 416 862 esse
456 794 773 879 decrevit,
835 797 1089 860 terram
1134 811 1318 860 suam
1378 791 1777 860 Kozlensem
1837 811 1983 858 cum
2048 791 2349 858 omnibus
2410 792 2645 860 civita·

295 897 456 981 tibae,
497 899 626 965 vid.
675 897 908 981 Kozla‚
967 897 1314 982 Pouthym,
1373 895 2002 981 Peyzenckreschin
2060 899 2133 964 et
2187 896 2449 981 castriS,
2512 897 2644 966 vid.

295 1001 430 1069 Tost
467 1007 531 1070 et
575 1001 929 1086 Slabatyn,
975 1019 1124 1069 cum
1170 1002 1370 1068 etiam
1415 1000 1596 1070 villis
1643 1000 1745 1087 (ut
1790 1023 1998 1085 supra
2046 1002 2113 1064 in
2161 998 2399 1064 litteris
2446 1021 2641 1085 prae-

293 1105 616 1170 cedentibus
676 1129 733 1174 η.
777 1105 912 1192 60).

464 1211 946 1277 Promittentes
993 1227 1156 1293 eum,
1205 1210 1486 1277 heredes
1519 1213 1592 1276 et
1621 1226 2044 1277 successores
2076 1225 2230 1276 suos
2264 1209 2647 1291 praedictos

293 1313 348 1378 in
410 1315 706 1381 omnibus
783 1315 926 1381 suis
999 1312 1490 1381 Polonicalibus
1545 1311 1827 1397 jnribus,
1889 1311 2285 1396 disponente
2345 1313 2647 1397 Domine,

293 1418 604 1502 magnifice
665 1435 1068 1486 conservare
1144 1423 1214 1484 et
1287 1421 1619 1498 tamquam
1668 1416 2061 1502 squemlibet
2134 1417 2503 1500 principem
2578 1423 2649 1485 et

294 1520 586 1589 vasallum
645 1529 948 1590 nostrum
991 1521 1278 1590 ubilibet
1318 1520 1680 1588 defendere
1725 1541 1807 1588 ac
1851 1521 2045 1590 tueri.

461 1628 804 1695 Faventes
871 1628 1076 1694 etiam
1135 1630 1208 1693 et
1265 1627 1711 1694 concedentes
1772 1624 1898 1693 sibi
1958 1626 2029 1692 in
2090 1631 2506 1709 perpetuum,
2566 1632 2641 1693 ut

293 1729 386 1794 filii
423 1732 516 1798 sui
563 1731 869 1816 legitimi,
913 1749 1074 1812 quos
1122 1747 1298 1798 nunc
1343 1731 1548 1798 habet
1595 1735 1665 1796 et
1713 1729 2033 1796 Dominus
2081 1731 2211 1798 sibi
2256 1731 2644 1812 superaddi-

295 1833 453 1920 derit,
504 1836 577 1903 in
635 1835 984 1918 praedicta
1043 1840 1228 1902 terra
1287 1853 1408 1902 sua
1469 1835 1783 1902 Kozlensi
1853 1833 1979 1905 sibi
2040 1833 2326 1903 invicem
2381 1853 2643 1917 semper

295 1943 611 2007 succedere
659 1941 967 2022 debeant,
1001 1941 1158 2026 jure
1203 1944 1273 2004 et
1317 1937 1517 2005 titulo
1562 1938 1831 2022 feodali,
1875 1943 1993 2006 aut
2038 1938 2135 2004 eis
2184 1957 2313 2006 non
2374 1945 2645 2006 exstan-

295 2041 459 2127 tibus,
490 2043 661 2112 filias
709 2061 872 2110 suas
913 2043 1268 2128 legitimaS,
1311 2043 1424 2110 vel
1468 2043 1670 2109 etiam
1703 2043 1951 2110 eisdem
1982 2061 2115 2110 non
2146 2043 2644 2126 superstitibuS,

293 2144 548 2215 illustres
591 2148 952 2216 Semowith
997 2153 1068 2215 et
1113 2146 1490 2230 Georgium,
1533 2146 1783 2214 fratres
1828 2166 2003 2232 31103,
2050 2147 2120 2215 in
2158 2148 2307 2229 ipsa
2337 2151 2523 2213 terra
2553 2150 2639 2214 de

291 2251 430 2333 regii
467 2252 722 2320 favoris
772 2251 1183 2336 plenitudine
1230 2253 1589 2318 succedere
1644 2252 1797 2335 Jure
1856 2252 2157 2320 volumus
2219 2251 2481 2333 feodali,
2543 2253 2645 2318 ita

294 2359 503 2441 tamen,
571 2360 742 2440 quod
815 2357 1018 2424 iidem
1089 2356 1456 2440 praefatam
1527 2361 1774 2422 terram
1843 2356 2225 2424 Gozlensem
2290 2374 2435 2422 cum
2504 2355 2643 2423 suis

293 2459 680 2541 pertinentiis
726 2462 1166 2547 praenotatis
1205 2463 1729 2544 quandocunque
1765 2479 1908 2529 eam
1938 2479 2184 2529 vacare
2217 2459 2645 2547 contingerit,

295 2582 326 2627 a
359 2568 548 2650 nobis,
589 2567 952 2636 heredibus
996 2572 1069 2634 et
1111 2566 1610 2635 successoribus
1658 2565 1924 2651 nostris,
1970 2566 2241 2650 regibus
2289 2568 2362 2633 B.
2410 2585 2645 2648 saepe-

295 2668 480 2756 dictis,
521 2690 780 2756 semper
810 2676 1174 2739 teneantur
1202 2672 1272 2738 in
1301 2670 1568 2739 feodum
1597 2672 1899 2754 recipere
1930 2690 2011 2738 ac
2043 2672 2243 2739 etiam
2276 2672 2641 2755 possidere.

469 2777 544 2843 In
587 2778 776 2861 cujus
821 2776 923 2843 rei
968 2828 982 2843 .
1029 2828 1045 2844 .
1090 2828 1104 2844 .

471 2916 710 2983 Datum
755 2914 1056 2999 Opaviae
1101 2936 1159 2983 a.
1205 2914 1286 2981 D.
1339 2908 1523 3001 1327,
1568 2914 1675 2983 XI
1717 2874 1864 2982 Kel.
1911 2916 2109 2985 Mart.

471 3052 676 3141 (Chyt.
731 3052 839 3122 VI.
883 3054 1032 3123 846.
1074 3092 1163 3105 —-
1208 3054 1602 3141 Grilnhaqen
1649 3054 1740 3123 II.
1770 3055 1919 3123 417.
1952 3094 2039 3105 -
2068 3054 2231 3123 Eml.
2262 3055 2387 3124 III.
2420 3056 2641 3133 1280.)

471 3247 568 3314 62.
635 3244 976 3315 Joannes
1038 3264 1178 3314 rex
1241 3244 1653 3316 Lesconem
1720 3245 1983 3316 ducem
2050 3245 2497 3317 Ratiboriae
2560 3246 2640 3315 in

297 3363 480 3417 suum
518 3348 1065 3438 protectionem
1110 3350 1410 3438 recipit.

1146 3476 1342 3561 1327,
1387 3477 1496 3543 19.
1543 3473 1763 3543 Febr.

473 3610 598 3678 Nos
641 3612 944 3679 «Ioannes
991 3611 1067 3679 D.
1118 3632 1215 3697 gr.
1262 3613 1335 3678 B.
1399 3619 1470 3679 et
1529 3613 1601 3680 P.
1664 3631 1783 3678 rex
1840 3632 1919 3679 ac
1980 3613 2051 3680 L.
2120 3631 2355 3696 0011103,
2417 3622 2643 3678 notum

295 3706 536 3781 facimus
603 3722 840 3783 tenore
915 3717 1366 3798 praesentium
1443 3718 1797 3800 universiS,
1871 3719 2063 3802 quod,
2130 3718 2289 3797 quia
2355 3716 2643 3785 illustris

297 3810 505 3901 Lesko,
546 3823 676 3887 dux
717 3819 1234 3904 RatiboriensiS,
1295 3824 1376 3888 ob
1427 3820 1735 3902 specialis
1787 3821 2029 3887 amoris
2076 3819 2403 3903 affectum,
2452 3840 2644 3902 quem

297 3918 370 3979 ad
411 3928 680 3991 nostram
725 3924 905 4009 gerit
949 3924 1426 4006 celsitudinem,
1460 3924 1771 4006 princeps
1806 3930 1877 3989 et
1907 3925 2201 3991 vasallus
2231 3930 2465 3991 noster
2493 3944 2649 3993 esse

299 4019 578 4111 decrevit,
606 4034 856 4095 terram
895 4046 1084 4095 suam
1114 4028 1398 4095 Ratibor
1442 4046 1590 4094 cum
1636 4028 1775 4095 suis
1822 4028 2211 4095 civitatibus
2258 4034 2327 4094 et
2374 4031 2639 4113 castriS,

301 4122 419 4190 vid.
457 4128 718 4199 Ratibor
761 4132 1004 4201 civitas
1050 4149 1196 4198 cum
1243 4134 1484 4214 castro,
1539 4132 1754 4214 Cosla,
1829 4132 1953 4198 Sor
1999 4138 2067 4199 et
2114 4132 2357 4198 Plesna
2404 4133 2637 4201 civita-

303 4226 466 4295 tibus
503 4242 565 4298 et
603 4236 894 4307 Klewicz
943 4235 1221 4330 civitate
1267 4236 1400 4303 sibi
1446 4234 1761 4320 obligata,
1822 4236 2114 4304 Ribinek
2159 4242 2453 4303 castrum
2500 4258 2647 4306 cum

303 4332 534 4420 oppido,
571 4357 708 4407 cum
752 4341 954 4409 etiam
1001 4340 1197 4425 villis,
1243 4338 1636 4422 hominibus,
1698 4340 1973 4409 vasallis
2036 4359 2115 4409 ac
2173 4339 2494 4410 militibus
2558 4347 2645 4411 ad
