3288 4973
1354 373 1746 434 -415—

340 576 648 642 dominus
695 585 927 643 noster
986 578 1340 660 gratiosuS,
1402 575 1842 657 privilegium,
1902 569 2449 637 consuetudinem
2513 574 2584 634 et
2645 567 2740 632 in-

336 681 600 746 dultum
642 682 1011 763 hujusmodi
1052 681 1380 763 imperiali
1416 678 1823 745 auctoritate
1857 681 1928 741 et
1961 675 2044 739 de
2079 672 2495 756 plenitudine
2527 673 2740 753 Impe-

336 787 638 852 ratoriae
686 787 1047 867 potestatis
1094 788 1419 852 innovans
1455 790 1527 850 et
1557 784 1954 849 confirmans
1988 779 2259 846 duxerit
2291 779 2742 858 statuendum,

340 896 419 953 ut
468 889 525 955 si
556 889 887 971 quispiam
920 890 1434 972 praedictorum,
1466 893 1632 969 puta
1665 886 1994 968 princeps,
2027 887 2208 966 bare,
2239 882 2502 964 nobilis,
2531 881 2740 958 miles,

340 993 575 1074 cliens,
622 992 809 1076 civiS,
854 994 1211 1078 burgensis
1258 1011 1377 1059 seu
1424 992 1740 1061 rusticus,
1784 996 1904 1056 aut
1950 989 2084 1054 alia
2122 1005 2552 1068 quaecuuque
2591 1003 2740 1067 per·

339 1115 511 1162 sona
556 1098 925 1179 praemissa
968 1100 1053 1164 ad
1100 1097 1549 1179 cuiuscunque
1596 1093 1892 1161 tribunal
1958 1102 2152 1160 extra
2213 1111 2488 1176 regnum
2551 1110 2742 1172 prae-

338 1200 593 1267 dictum
639 1202 951 1268 Boemiae
998 1201 1065 1268 in
1112 1219 1505 1281 quacunque
1538 1217 1746 1266 causa
1778 1197 2122 1279 criminali,
2177 1197 2360 1264 civili
2392 1196 2502 1264 vel
2533 1199 2742 1264 mixta

338 1323 463 1370 seu
510 1323 717 1387 super
758 1323 1151 1386 quocunque
1204 1306 1470 1390 negotio
1541 1305 1792 1370 citatus
1857 1301 2069 1370 fuerit
2131 1319 2518 1382 quocunque
2574 1307 2742 1368 tem-

346 1427 513 1490 pore
558 1409 668 1475 vel
730 1410 961 1492 citata,
1020 1428 1405 1492 comparere
1465 1409 1575 1474 vel
1622 1409 1690 1473 in
1731 1408 1980 1486 judicio
2027 1408 2435 1488 respondere
2479 1407 2744 1474 minime

340 1517 697 1596 teneatur;
749 1515 938 1598 sique
980 1516 1307 1581 adversus
1355 1511 1727 1597 hujusmodi
1779 1530 1908 1577 non
1956 1515 2417 1592 comparentes
2463 1511 2572 1577 vel
2611 1530 2744 1580 non

342 1626 839 1700 comparentem
872 1638 914 1685 a
944 1636 1334 1699 quocunque
1356 1617 1609 1702 judicio
1643 1623 1967 1683 extraneo
2001 1625 2196 1681 extra
2226 1633 2503 1697 regnum
2527 1615 2742 1697 ipsum

341 1721 663 1787 Boemiae
708 1722 1074 1788 constituto
1117 1721 1536 1806 judicialiter
1566 1719 1860 1802 procedi,
1891 1737 2247 1800 processus
2279 1720 2423 1786 fieri
2454 1721 2564 1787 vel
2595 1737 2744 1786 sen-

338 1826 599 1890 tentias
644 1825 1191 1892 interlocutorias
1240 1826 1345 1892 vel
1394 1825 1810 1907 diffinitivaS,
1857 1842 2050 1890 unam
2085 1824 2191 1890 vel
2229 1824 2469 1906 plures,
2503 1825 2572 1890 in
2603 1824 2742 1906 qui-

340 1932 732 2010 buscunque
780 1930 1287 2012 praenomitatis
1334 1931 1553 1996 causis
1596 1931 1741 1996 sive
1791 1928 2079 2012 negotiis
2111 1929 2346 2008 quovis
2379 1931 2567 1996 modo
2598 1929 2744 1996 fieri

338 2033 453 2100 vel
486 2035 890 2116 promulgari
924 2034 1365 2114 contingeret,
1397 2036 1625 2100 eadem
1660 2032 2070 2098 auctoritate
2110 2040 2181 2098 et
2211 2039 2551 2116 potestate
2575 2033 2740 2100 cita-

340 2139 587 2218 tiones,
634 2147 1016 2220 praecepta,
1076 2157 1433 2220 processus
1481 2145 1550 2202 et
1596 2137 1974 2205 sententias
2021 2139 2390 2222 hujusmodi
2438 2157 2560 2205 nec
2610 2157 2738 2206 non

338 2242 775 2308 executiones
822 2247 893 2308 et
940 2243 1175 2323 omnia,
1223 2261 1391 2322 quae
1439 2261 1525 2308 ex
1570 2241 1667 2308 eis
1731 2242 1838 2307 vel
1900 2242 2122 2322 aliquo
2186 2260 2410 2307 eorum
2471 2242 2739 2322 quovis-

341 2349 535 2412 modo
583 2353 819 2412 secuta
862 2398 877 2414 .
927 2396 939 2411 .
986 2397 1019 2428 .,
1062 2347 1437 2413 irritaverit
1484 2347 1752 2429 penitus
1803 2353 1872 2412 et
1917 2347 2207 2411 cassarit
2251 2383 2319 2394 -

556 2449 953 2536 Adjiciendo
998 2468 1317 2533 expresse
1364 2456 1435 2517 et
1479 2451 1887 2518 auctoritate
1933 2450 2132 2517 simili
2179 2451 2618 2533 decernenda
2664 2460 2740 2519 ut

344 2556 891 2635 quemadmodum
949 2558 1019 2622 in
1074 2558 1421 2638 praedicto
1486 2574 1685 2639 regno
1749 2556 2056 2621 Boemiae
2103 2574 2144 2620 a
2191 2562 2506 2637 tempore,
2551 2558 2740 2641 cujus

345 2659 673 2725 contrarii
716 2678 849 2727 non
891 2661 1179 2727 habetur
1222 2662 1555 2744 memoria,
1594 2660 1849 2744 jugiter
1893 2662 2322 2726 observatum
2365 2661 2614 2742 existit,
2644 2663 2742 2728 ita

342 2764 511 2829 nulli
556 2782 835 2845 prorsus
882 2764 1191 2850 principi,
1234 2765 1489 2849 baroni,
1534 2764 1760 2846 nobili,
1803 2764 2016 2847 militi,
2071 2764 2318 2849 clienti,
2379 2766 2528 2848 civi,
2591 2770 2744 2832 bur-

348 2868 544 2951 gensi
604 2886 723 2934 seu
789 2868 1062 2952 rustice,
1130 2870 1291 2935 nulli
1350 2872 1608 2935 demum
1670 2886 1997 2950 personae
2057 2887 2174 2936 seu
2235 2869 2491 2935 incolae
2551 2870 2741 2955 regni

344 2972 663 3039 Boemiae
696 2991 899 3055 saepe
933 2975 1115 3057 dicti,
1148 2976 1600 3058 cujuscunque
1632 2979 1874 3052 status,
1907 2974 2492 3057 praeeminentiae,
2530 2974 2741 3058 digni·

346 3076 511 3143 tatis
562 3076 671 3143 vel
719 3076 1122 3144 conditionis
1170 3079 1469 3144 existant
1515 3077 1623 3143 vel
1671 3078 1943 3159 existat,
1990 3096 2030 3141 a
2060 3078 2562 3158 quibuscunque
2597 3097 2742 3159 pro-

346 3181 671 3265 cessibuS,
696 3182 1051 3248 sententiis
1076 3182 1599 3248 interlocutoriis
1634 3182 1744 3247 vel
1777 3181 2169 3262 diffinitivis,
2195 3183 2337 3249 sive
2363 3183 2742 3265 praeceptis

346 3285 530 3368 regis
578 3284 893 3353 Boemiae
938 3292 1057 3352 aut
1094 3285 1391 3369 judicum
1439 3286 1666 3352 curiae
1698 3304 1880 3367 suae,
1917 3304 2041 3350 nec
2072 3304 2202 3352 non
2237 3288 2743 3354 executionibus

348 3390 707 3454 eorundem
756 3395 990 3455 contra
1036 3409 1109 3457 se
1154 3390 1225 3455 in
1269 3391 1483 3475 regali
1538 3389 1791 3474 judicio
1855 3407 1974 3455 seu
2020 3407 2241 3455 coram
2289 3390 2488 3474 regis,
2550 3393 2741 3475 regni

346 3498 418 3557 et
464 3494 692 3559 curiae
742 3494 1234 3575 praedictorum
1272 3494 1611 3576 jndicibus
1656 3493 1860 3559 factis
1913 3500 2032 3558 aut
2076 3494 2254 3577 latis,
2318 3495 2568 3562 habitis
2629 3496 2740 3562 vel

342 3595 641 3663 ferendis
707 3598 985 3663 inantea
1050 3616 1168 3664 seu
1216 3599 1474 3681 fiendiS,
1541 3600 1623 3663 ad
1687 3599 2118 3678 quodcunque
2181 3597 2362 3665 aliud
2416 3600 2734 3684 judicium

344 3699 551 3765 liceat
596 3702 957 3786 appellare,
1002 3704 1646 3784 provocationesque
1679 3721 1795 3768 seu
1827 3702 2313 3784 appellationes
2346 3703 2739 3790 huiusmodi,

346 3804 403 3870 si
452 3823 621 3885 quas
680 3805 861 3872 inter
918 3808 1045 3873 hoc
1104 3807 1440 3889 interponi
1502 3805 1878 3888 contigerit,
1942 3824 2019 3871 eo
2081 3806 2224 3888 ipso
2290 3808 2544 3875 viribus
2607 3827 2737 3875 uon

346 3909 721 3977 subsistere
766 3916 839 3976 et
884 3911 1307 3994 appellantes
1354 3912 1534 3995 ipsos
1596 3929 1877 3993 poenam
1934 3910 2330 3993 perditionis
2390 3932 2738 3979 causarum

346 4012 493 4095 ipso
538 4012 722 4079 facto
769 4020 1151 4083 statuentes
1198 4016 1559 4082 incurrisse
1600 4052 1685 4063 -

558 4118 835 4185 Necnon
900 4120 1309 4185 auctoritate
1368 4118 1710 4201 Imperiali
1771 4126 1841 4184 et
1901 4120 1984 4183 de
2045 4124 2232 4184 certa
2289 4136 2410 4185 sua
2457 4120 2742 4187 scientia

349 4222 818 4303 declaraverit,
883 4226 1054 4304 quod
1124 4224 1267 4305 ipse
1332 4234 1401 4289 et
1471 4242 1698 4289 omnes
1767 4241 2192 4289 successores
2253 4224 2376 4307 sui,
2426 4224 2736 4291 Boemiae

348 4344 562 4411 reges,
607 4327 959 4392 universas
1003 4327 1153 4393 auri
1200 4336 1267 4392 et
1315 4328 1581 4410 argenti
1627 4325 1890 4393 fodinas
1937 4341 2141 4406 atque
2179 4326 2464 4393 mineras
2497 4329 2741 4413 stanni,
