3288 4973
1552 340 1936 402 —128—

548 545 724 624 quod
769 561 891 610 nos
937 547 1007 609 et
1052 542 1221 610 filios
1267 549 1533 610 nostros
1579 562 1662 609 ac
1708 543 1990 609 heredes
2045 544 2493 622 heredumque
2554 545 2922 607 nostrorum

546 665 969 715 successores
1014 653 1085 715 et
1130 666 1339 734 regna
1382 652 1635 731 nostra,
1681 666 1828 714 cum
1872 646 2124 732 inclyto
2179 644 2478 728 principe
2511 646 2570 711 d.
2599 643 2648 710 J
2651 645 2926 725 ohanne,

550 753 781 818 eadem
858 751 1083 836 gratia
1147 769 1309 836 rege
1374 751 1450 818 B.
1518 750 1768 819 illustri
1835 756 1906 818 et
1974 751 2214 818 comite
2275 751 2370 834 L,
2411 749 2626 817 fratre
2700 751 2925 814 nostro

548 853 908 939 carissime,
954 873 1035 921 ac
1062 853 1432 938 magnificis
1464 853 1743 921 dominis
1775 854 2030 940 carolo,
2061 855 2518 940 primogenite,
2547 851 2928 920 marchione

549 958 909 1043 Moraviae,
966 964 1037 1025 et
1080 959 1128 1028 J
1130 977 1359 1043 oanne,
1406 961 1572 1026 duce
1620 959 2030 1042 Oarinthiae,
2075 959 2230 1028 filiis
2285 958 2577 1026 eiusdem
2608 957 2924 1040 ipsorum·

546 1082 672 1144 que
718 1063 1095 1138 heredibus,
1140 1061 1489 1145 cupientes
1535 1062 1881 1130 fraternae
1927 1061 2306 1130 dilectionis
2351 1060 2616 1130 vinculo
2648 1060 2829 1129 uniri
2857 1065 2928 1126 et

542 1185 691 1234 eum
734 1166 902 1248 ipsis
946 1166 1017 1232 in
1063 1166 1478 1234 sinceritatis
1524 1167 1788 1250 affectu,
1833 1166 2311 1234 indissolubilis
2357 1166 2692 1232 amicitiae
2739 1163 2926 1232 firma

543 1271 949 1352 constantia,
1005 1275 1329 1356 perpetuo
1374 1276 1445 1336 et
1490 1271 1972 1338 inviolabiliter
2017 1289 2426 1354 permanere,
2469 1273 2721 1350 absque
2751 1267 2925 1335 omni

544 1376 692 1443 dolo
740 1380 810 1444 et
856 1374 1406 1442 dissimulationis
1449 1374 1707 1458 fraude,
1775 1393 1937 1457 pure
2001 1380 2072 1441 et
2128 1377 2388 1458 devote,
2452 1372 2923 1457 praesentibus

543 1498 663 1548 nos
742 1479 1109 1563 obligamus
1168 1480 1361 1546 simul
1420 1499 1565 1546 cum
1632 1479 1972 1549 Ludovico
2039 1484 2268 1547 nostro
2335 1477 2774 1562 primogenito
2839 1479 2926 1544 ad

542 1589 777 1651 sancta
792 1582 920 1650 Dei
944 1583 1299 1668 evangelia
1320 1583 1651 1666 corporali
1674 1583 2002 1667 praestito
2017 1584 2416 1670 jurament0‚
2433 1582 2924 1666 promittenteS,

543 1689 718 1769 quod
770 1705 890 1756 nos
951 1693 1022 1755 et
1075 1687 1195 1756 filii
1256 1688 1471 1756 nostri
1526 1706 1884 1770 eorumque
1943 1690 2225 1757 heredes
2286 1689 2536 1756 dictum
2590 1686 2926 1754 dominum

535 1791 583 1860 J
584 1793 925 1876 ohannem,
1005 1810 1229 1878 regem
1310 1792 1642 1878 Boemiae,
1699 1791 1976 1860 fratrem
2036 1797 2354 1878 nostrum,
2408 1797 2480 1859 et
2535 1791 2707 1859 filios
2768 1807 2924 1857 suos

537 1895 915 1978 praedictos
962 1913 1318 1978 eorumque
1364 1898 1646 1964 heredes
1691 1915 1771 1963 ac
1809 1914 2086 1982 regnum
2133 1915 2322 1964 suum
2369 1893 2684 1964 Boemiae
2731 1911 2923 1978 prae-

538 1999 785 2066 dictum
846 2018 993 2066 cum
1040 1999 1244 2068 terris
1290 2001 1586 2068 eiusdem
1632 2001 1822 2084 regni
1881 2001 2229 2084 contiguis,
2286 2003 2521 2068 contra
2576 2015 2806 2067 omnes
2851 2001 2924 2064 et

535 2102 868 2185 quoslibet
939 2102 1256 2189 hominos,
1330 2104 1647 2190 cujusque
1715 2105 2134 2188 conditioniS,
2213 2109 2436 2172 status
2502 2106 2572 2170 et
2647 2100 2919 2169 honoris

532 2207 847 2288 existant,
890 2208 1191 2290 exceptis
1240 2208 1511 2292 inclytis
1558 2207 1992 2294 principibus,
2021 2208 2304 2277 dominis
2335 2209 2650 2290 Roberto,
2681 2205 2916 2274 Iberu-

529 2312 737 2378 salem
782 2315 853 2378 et
897 2310 1184 2395 Siciliae,
1229 2329 1309 2378 ac
1356 2309 1699 2397 Gazimiro,
1745 2313 2064 2380 Poloniae
2107 2313 2394 2396 regibuS,
2441 2329 2564 2380 nec
2595 2329 2725 2378 non
2761 2309 2922 2378 filiis

529 2418 601 2481 et
646 2413 1004 2482 heredibus
1049 2419 1404 2484 eorundem
1452 2424 1525 2484 et
1566 2418 1970 2501 generaliter
2017 2416 2314 2493 omnibus
2356 2415 2694 2499 proximiS,
2723 2414 2922 2481 nobis

532 2520 599 2585 in
630 2520 810 2586 linea
841 2521 1443 2604 consanguinitatis
1474 2522 1939 2606 attinentibus,
1972 2522 2040 2589 in
2071 2522 2276 2589 Italia
2304 2526 2376 2588 et
2404 2519 2472 2587 in
2517 2519 2928 2602 quibuslibet

533 2623 677 2691 eius
701 2626 1007 2708 partibus
1040 2626 1445 2711 constitutis,
1478 2627 1779 2695 volumus
1811 2632 1882 2695 et
1905 2633 2207 2694 tenemur
2231 2630 2554 2707 perpetuo
2581 2622 2927 2705 adjuvare.

738 2728 849 2795 Ita
920 2729 1255 2813 videlicet,
1326 2732 1519 2815 quod,
1580 2730 1639 2799 si
1699 2730 1842 2813 ipse
1905 2750 2025 2799 rex
2085 2737 2156 2799 et
2217 2731 2320 2798 sui
2384 2729 2666 2798 heredes
2727 2734 2926 2795 extra

528 2836 743 2900 metas
788 2833 979 2917 regni
1023 2834 1128 2901 sui
1174 2834 1485 2902 Boemiae
1544 2834 1853 2902 hostilem
1919 2853 2303 2919 processum
2364 2839 2600 2901 contra
2660 2832 2926 2901 vicinos

530 2942 601 3002 et
645 2935 937 3004 confines
1000 2954 1225 3004 eorum
1287 2937 1714 3008 adversarios
1775 2940 1880 3009 vel
1927 2958 2148 3007 eorum
2195 2940 2478 3007 alterum
2523 2938 2922 3006 habuerint:

528 3057 609 3107 ex
654 3045 835 3125 tunc,
879 3042 964 3107 ad
1010 3041 1400 3123 petitionem
1445 3042 1758 3129 ipsorum,
1803 3043 2023 3127 gentis
2083 3047 2358 3111 nostrae
2396 3043 2787 3125 armigerae
2854 3047 2927 3108 et

526 3143 921 3227 sagittariae
967 3145 1262 3213 subsidio
1308 3151 1379 3213 et
1424 3148 1692 3232 auxili0,
1739 3154 1937 3232 prout
1982 3148 2218 3217 melius
2263 3146 2642 3231 poterimus,
2703 3146 2923 3229 ipsum

527 3248 636 3316 vel
681 3249 853 3316 filios
898 3268 1071 3334 suoS,
1119 3256 1238 3318 aut
1284 3253 1641 3319 eorundem
1688 3255 1990 3334 heredeS,
2034 3272 2181 3321 cum
2235 3256 2380 3321 tota
2440 3257 2672 3319 nostra
2731 3250 2930 3332 regni

530 3352 916 3437 Hungasriae
972 3356 1279 3436 potentia
1322 3357 1647 3441 adjuvare
1693 3357 1837 3425 sine
1881 3356 2116 3425 fraude
2163 3363 2235 3424 et
2279 3357 2426 3423 dolo
2475 3354 2928 3438 promittimus

528 3460 601 3523 et
643 3459 978 3525 debemus.

734 3560 807 3629 Si
866 3564 1091 3628 autem
1149 3568 1360 3630 metas
1423 3564 1755 3648 praedicti
1813 3565 2002 3649 regni
2062 3564 2163 3633 sui
2223 3564 2537 3631 Boemiae
2591 3563 2927 3646 quispiam

526 3666 881 3732 eorundem
948 3667 1486 3735 adversariorum
1545 3668 1926 3753 intraverit,
1986 3669 2200 3753 ipsum
2263 3672 2333 3735 et
2391 3668 2560 3735 filios
2623 3685 2777 3735 suos
2839 3685 2926 3734 ac

524 3768 881 3837 eorundem
941 3769 1224 3836 heredes
1284 3777 1355 3839 et
1413 3790 1685 3857 regnum
1735 3791 1881 3840 cum
1927 3774 2355 3855 pertinentiis
2403 3772 2540 3840 suis
2587 3770 2926 3853 contiguis

525 3877 837 3955 potenter
883 3878 953 3940 et
1004 3873 1346 3942 hostiliter
1403 3876 1792 3945 invasurus:
1853 3881 1937 3945 ex
2000 3884 2159 3945 tunc
2218 3898 2339 3945 nos
2401 3883 2471 3945 et
2527 3875 2648 3942 filii
2706 3876 2930 3944 nostri

525 3977 633 4045 vel
679 3976 963 4044 filiorum
1007 3984 1383 4046 nostrorum
1430 3983 1732 4067 heredeS,
1777 3985 2056 4051 eundem
2105 4001 2324 4067 regem
2375 3981 2703 4064 Boemiae,
2750 3980 2926 4050 filios

522 4100 677 4148 suos
744 4085 863 4147 aut
930 4081 1213 4150 heredes
1272 4101 1515 4170 eorum,
1578 4105 1722 4153 cum
1785 4094 1930 4155 tota
1987 4092 2221 4155 nostra
2281 4086 2465 4171 regni
2531 4086 2923 4168 Hungariae

521 4183 829 4266 potentia
872 4185 959 4252 ad
1003 4186 1505 4267 requisitionem
1552 4210 1759 4273 suam,
1803 4190 2084 4261 filiorum
2131 4197 2250 4260 aut
2281 4193 2594 4257 heredum
2631 4207 2922 4273 suorum,

520 4289 966 4371 promittimus
1016 4290 1465 4371 personaliter
1512 4299 1581 4360 et
1629 4295 2003 4362 tenebimur
2049 4296 2388 4379 adjnvare.
