<?xml version="1.0" encoding="UTF-8"?>
<!DOCTYPE html PUBLIC "-//W3C//DTD XHTML 1.0 Transitional//EN"
    "http://www.w3.org/TR/xhtml1/DTD/xhtml1-transitional.dtd">
<html xmlns="http://www.w3.org/1999/xhtml" xml:lang="en" lang="en">
 <head>
  <title>
</title>
<meta http-equiv="Content-Type" content="text/html;charset=utf-8" />
  <meta name='ocr-system' content='tesseract 3.04.00' />
  <meta name='ocr-capabilities' content='ocr_page ocr_carea ocr_par ocr_line ocrx_word'/>
</head>
<body>
  <div class='ocr_page' id='page_1' title='image "./codexjurisbohem00bohegoog_0035.png"; bbox 0 0 3288 4973; ppageno 0'>
   <div class='ocr_carea' id='block_1_1' title="bbox 1407 382 1751 441">
    <p class='ocr_par' dir='ltr' id='par_1_1' title="bbox 1407 382 1751 441">
     <span class='ocr_line' id='line_1_1' title="bbox 1407 382 1751 441; baseline -0.003 -10"><span class='ocrx_word' id='word_1_1' title='bbox 1407 382 1751 441; x_wconf 76' lang='grc'><strong>-21-</strong></span> 
     </span>
    </p>
   </div>
   <div class='ocr_carea' id='block_1_2' title="bbox 371 590 2793 4437">
    <p class='ocr_par' dir='ltr' id='par_1_2' title="bbox 373 590 2777 1596">
     <span class='ocr_line' id='line_1_2' title="bbox 373 590 2769 677; baseline -0.001 -20"><span class='ocrx_word' id='word_1_2' title='bbox 373 611 496 673; x_wconf 84' lang='lat' dir='ltr'><strong>per</strong></span> <span class='ocrx_word' id='word_1_3' title='bbox 541 594 769 659; x_wconf 84' lang='lat' dir='ltr'><strong>laneos</strong></span> <span class='ocrx_word' id='word_1_4' title='bbox 816 592 1120 660; x_wconf 84' lang='lat' dir='ltr'><strong>distincti</strong></span> <span class='ocrx_word' id='word_1_5' title='bbox 1169 610 1298 657; x_wconf 89' lang='lat' dir='ltr'><strong>non</strong></span> <span class='ocrx_word' id='word_1_6' title='bbox 1348 590 1583 677; x_wconf 86' lang='lat' dir='ltr'><strong>(sunt),</strong></span> <span class='ocrx_word' id='word_1_7' title='bbox 1617 594 1701 657; x_wconf 89' lang='lat' dir='ltr'><strong>de</strong></span> <span class='ocrx_word' id='word_1_8' title='bbox 1732 602 1959 660; x_wconf 84' lang='lat' dir='ltr'><strong>aratro</strong></span> <span class='ocrx_word' id='word_1_9' title='bbox 1992 610 2190 659; x_wconf 91' lang='lat' dir='ltr'><strong>unum</strong></span> <span class='ocrx_word' id='word_1_10' title='bbox 2219 590 2544 659; x_wconf 85' lang='lat' dir='ltr'><strong>fertonem</strong></span> <span class='ocrx_word' id='word_1_11' title='bbox 2576 592 2769 658; x_wconf 87' lang='lat' dir='ltr'><strong>nobis</strong></span> 
     </span>
     <span class='ocr_line' id='line_1_3' title="bbox 375 694 2772 778; baseline -0.001 -17"><span class='ocrx_word' id='word_1_12' title='bbox 375 696 590 778; x_wconf 85' lang='lat' dir='ltr'><strong>ipsius</strong></span> <span class='ocrx_word' id='word_1_13' title='bbox 654 696 976 763; x_wconf 77' lang='lat' dir='ltr'>collectae</span> <span class='ocrx_word' id='word_1_14' title='bbox 1037 696 1296 761; x_wconf 88' lang='lat' dir='ltr'><strong>nomine</strong></span> <span class='ocrx_word' id='word_1_15' title='bbox 1359 695 1618 761; x_wconf 89' lang='lat' dir='ltr'><strong>solvere</strong></span> <span class='ocrx_word' id='word_1_16' title='bbox 1687 700 2113 764; x_wconf 87' lang='lat' dir='ltr'><strong>tenebuntur.</strong></span> <span class='ocrx_word' id='word_1_17' title='bbox 2172 734 2259 745; x_wconf 89' lang='lat'><strong>—-</strong></span> <span class='ocrx_word' id='word_1_18' title='bbox 2316 694 2479 762; x_wconf 88' lang='lat' dir='ltr'><strong>Illos</strong></span> <span class='ocrx_word' id='word_1_19' title='bbox 2548 700 2772 761; x_wconf 89' lang='lat' dir='ltr'><strong>autem</strong></span> 
     </span>
     <span class='ocr_line' id='line_1_4' title="bbox 377 798 2773 885; baseline -0.001 -18"><span class='ocrx_word' id='word_1_20' title='bbox 377 820 600 885; x_wconf 86' lang='lat' dir='ltr'><strong>agros,</strong></span> <span class='ocrx_word' id='word_1_21' title='bbox 643 802 890 882; x_wconf 86' lang='lat' dir='ltr'><strong>laneos,</strong></span> <span class='ocrx_word' id='word_1_22' title='bbox 937 800 1252 882; x_wconf 74' lang='lat' dir='ltr'><strong>artificeS,</strong></span> <span class='ocrx_word' id='word_1_23' title='bbox 1274 798 1789 867; x_wconf 84' lang='lat' dir='ltr'><strong>molendinarios</strong></span> <span class='ocrx_word' id='word_1_24' title='bbox 1834 806 1907 868; x_wconf 90' lang='lat' dir='ltr'><strong>et</strong></span> <span class='ocrx_word' id='word_1_25' title='bbox 1953 802 2327 869; x_wconf 85' lang='lat' dir='ltr'><strong>molendina</strong></span> <span class='ocrx_word' id='word_1_26' title='bbox 2374 800 2773 867; x_wconf 85' lang='lat' dir='ltr'><strong>solummodo</strong></span> 
     </span>
     <span class='ocr_line' id='line_1_5' title="bbox 381 893 2773 988; baseline -0.002 -16"><span class='ocrx_word' id='word_1_27' title='bbox 381 906 704 972; x_wconf 80' lang='lat' dir='ltr'><strong>collectae</strong></span> <span class='ocrx_word' id='word_1_28' title='bbox 739 908 1124 987; x_wconf 80' lang='lat' dir='ltr'>praedictae</span> <span class='ocrx_word' id='word_1_29' title='bbox 1158 906 1462 988; x_wconf 87' lang='lat' dir='ltr'><strong>subjecta</strong></span> <span class='ocrx_word' id='word_1_30' title='bbox 1493 910 1564 969; x_wconf 89' lang='lat' dir='ltr'><strong>et</strong></span> <span class='ocrx_word' id='word_1_31' title='bbox 1595 906 1881 973; x_wconf 87' lang='lat' dir='ltr'><strong>obnoxia</strong></span> <span class='ocrx_word' id='word_1_32' title='bbox 1913 924 2061 972; x_wconf 90' lang='lat' dir='ltr'><strong>esse</strong></span> <span class='ocrx_word' id='word_1_33' title='bbox 2094 893 2388 987; x_wconf 58' lang='lat' dir='ltr'><strong>d&#39;icimuS,</strong></span> <span class='ocrx_word' id='word_1_34' title='bbox 2420 906 2502 971; x_wconf 93' lang='lat' dir='ltr'><strong>de</strong></span> <span class='ocrx_word' id='word_1_35' title='bbox 2535 902 2773 984; x_wconf 88' lang='lat' dir='ltr'><strong>quibus</strong></span> 
     </span>
     <span class='ocr_line' id='line_1_6' title="bbox 377 1008 2773 1095; baseline -0.001 -21"><span class='ocrx_word' id='word_1_36' title='bbox 377 1010 663 1075; x_wconf 86' lang='lat' dir='ltr'><strong>dominis</strong></span> <span class='ocrx_word' id='word_1_37' title='bbox 711 1028 932 1075; x_wconf 87' lang='lat' dir='ltr'><strong>eorum</strong></span> <span class='ocrx_word' id='word_1_38' title='bbox 979 1026 1216 1076; x_wconf 88' lang='lat' dir='ltr'><strong>census</strong></span> <span class='ocrx_word' id='word_1_39' title='bbox 1276 1008 1576 1092; x_wconf 86' lang='lat' dir='ltr'><strong>solvitur,</strong></span> <span class='ocrx_word' id='word_1_40' title='bbox 1639 1016 1710 1074; x_wconf 92' lang='lat' dir='ltr'><strong>et</strong></span> <span class='ocrx_word' id='word_1_41' title='bbox 1770 1009 1970 1095; x_wconf 87' lang='lat' dir='ltr'><strong>(quae</strong></span> <span class='ocrx_word' id='word_1_42' title='bbox 2039 1012 2199 1093; x_wconf 90' lang='lat' dir='ltr'><strong>non)</strong></span> <span class='ocrx_word' id='word_1_43' title='bbox 2261 1014 2414 1076; x_wconf 91' lang='lat' dir='ltr'><strong>sunt</strong></span> <span class='ocrx_word' id='word_1_44' title='bbox 2482 1008 2773 1090; x_wconf 87' lang='lat' dir='ltr'><strong>ipsorum</strong></span> 
     </span>
     <span class='ocr_line' id='line_1_7' title="bbox 379 1112 2773 1197; baseline -0.001 -18"><span class='ocrx_word' id='word_1_45' title='bbox 379 1112 790 1179; x_wconf 86' lang='lat' dir='ltr'><strong>dominorum</strong></span> <span class='ocrx_word' id='word_1_46' title='bbox 847 1113 956 1180; x_wconf 89' lang='lat' dir='ltr'><strong>vel</strong></span> <span class='ocrx_word' id='word_1_47' title='bbox 1019 1112 1419 1181; x_wconf 79' lang='lat' dir='ltr'><strong>servitorum</strong></span> <span class='ocrx_word' id='word_1_48' title='bbox 1479 1131 1746 1180; x_wconf 89' lang='lat' dir='ltr'><strong>suorum</strong></span> <span class='ocrx_word' id='word_1_49' title='bbox 1810 1115 2037 1181; x_wconf 89' lang='lat' dir='ltr'><strong>usibus</strong></span> <span class='ocrx_word' id='word_1_50' title='bbox 2100 1117 2437 1197; x_wconf 86' lang='lat' dir='ltr'><strong>deputata.</strong></span> <span class='ocrx_word' id='word_1_51' title='bbox 2486 1112 2557 1179; x_wconf 89' lang='lat' dir='ltr'><strong>Si</strong></span> <span class='ocrx_word' id='word_1_52' title='bbox 2603 1130 2773 1193; x_wconf 89' lang='lat' dir='ltr'><strong>quae</strong></span> 
     </span>
     <span class='ocr_line' id='line_1_8' title="bbox 378 1214 2769 1301; baseline -0.001 -19"><span class='ocrx_word' id='word_1_53' title='bbox 378 1223 604 1283; x_wconf 88' lang='lat' dir='ltr'><strong>autem</strong></span> <span class='ocrx_word' id='word_1_54' title='bbox 650 1236 734 1283; x_wconf 84' lang='lat' dir='ltr'><strong>ex</strong></span> <span class='ocrx_word' id='word_1_55' title='bbox 779 1218 876 1283; x_wconf 88' lang='lat' dir='ltr'><strong>eis</strong></span> <span class='ocrx_word' id='word_1_56' title='bbox 923 1216 1032 1284; x_wconf 82' lang='lat' dir='ltr'><strong>vel</strong></span> <span class='ocrx_word' id='word_1_57' title='bbox 1079 1216 1444 1283; x_wconf 81' lang='lat' dir='ltr'><strong>servitores</strong></span> <span class='ocrx_word' id='word_1_58' title='bbox 1492 1218 1899 1285; x_wconf 89' lang='lat' dir='ltr'><strong>dominorum</strong></span> <span class='ocrx_word' id='word_1_59' title='bbox 1967 1219 2257 1301; x_wconf 89' lang='lat' dir='ltr'><strong>ipsorum</strong></span> <span class='ocrx_word' id='word_1_60' title='bbox 2306 1236 2425 1300; x_wconf 86' lang='lat' dir='ltr'><strong>pro</strong></span> <span class='ocrx_word' id='word_1_61' title='bbox 2494 1214 2769 1283; x_wconf 85' lang='lat' dir='ltr'><strong>servitio</strong></span> 
     </span>
     <span class='ocr_line' id='line_1_9' title="bbox 374 1320 2771 1405; baseline -0 -19"><span class='ocrx_word' id='word_1_62' title='bbox 374 1340 496 1387; x_wconf 91' lang='lat' dir='ltr'><strong>suo</strong></span> <span class='ocrx_word' id='word_1_63' title='bbox 545 1326 794 1403; x_wconf 88' lang='lat' dir='ltr'><strong>tenent,</strong></span> <span class='ocrx_word' id='word_1_64' title='bbox 841 1322 946 1387; x_wconf 92' lang='lat' dir='ltr'><strong>vel</strong></span> <span class='ocrx_word' id='word_1_65' title='bbox 995 1321 1124 1403; x_wconf 85' lang='lat' dir='ltr'><strong>ipsi</strong></span> <span class='ocrx_word' id='word_1_66' title='bbox 1171 1322 1412 1387; x_wconf 90' lang='lat' dir='ltr'><strong>domini</strong></span> <span class='ocrx_word' id='word_1_67' title='bbox 1476 1339 1593 1402; x_wconf 90' lang='lat' dir='ltr'><strong>pro</strong></span> <span class='ocrx_word' id='word_1_68' title='bbox 1658 1340 1730 1387; x_wconf 90' lang='lat' dir='ltr'><strong>se</strong></span> <span class='ocrx_word' id='word_1_69' title='bbox 1793 1322 2038 1405; x_wconf 88' lang='lat' dir='ltr'><strong>colunt,</strong></span> <span class='ocrx_word' id='word_1_70' title='bbox 2100 1322 2239 1387; x_wconf 90' lang='lat' dir='ltr'><strong>suis</strong></span> <span class='ocrx_word' id='word_1_71' title='bbox 2286 1322 2395 1388; x_wconf 84' lang='lat' dir='ltr'><strong>vel</strong></span> <span class='ocrx_word' id='word_1_72' title='bbox 2443 1320 2771 1388; x_wconf 88' lang='lat' dir='ltr'><strong>curiarum</strong></span> 
     </span>
     <span class='ocr_line' id='line_1_10' title="bbox 375 1424 2777 1507; baseline -0 -17"><span class='ocrx_word' id='word_1_73' title='bbox 375 1444 646 1491; x_wconf 85' lang='lat' dir='ltr'><strong>suarum</strong></span> <span class='ocrx_word' id='word_1_74' title='bbox 692 1425 797 1493; x_wconf 87' lang='lat' dir='ltr'><strong>vel</strong></span> <span class='ocrx_word' id='word_1_75' title='bbox 843 1427 1157 1493; x_wconf 89' lang='lat' dir='ltr'><strong>bonorum</strong></span> <span class='ocrx_word' id='word_1_76' title='bbox 1203 1443 1466 1491; x_wconf 87' lang='lat' dir='ltr'><strong>suorum</strong></span> <span class='ocrx_word' id='word_1_77' title='bbox 1514 1424 1749 1491; x_wconf 83' lang='lat' dir='ltr'><strong>officiis</strong></span> <span class='ocrx_word' id='word_1_78' title='bbox 1810 1429 1918 1493; x_wconf 87' lang='lat' dir='ltr'><strong>vel</strong></span> <span class='ocrx_word' id='word_1_79' title='bbox 1976 1427 2299 1493; x_wconf 89' lang='lat' dir='ltr'><strong>custodiis</strong></span> <span class='ocrx_word' id='word_1_80' title='bbox 2346 1428 2777 1507; x_wconf 77' lang='lat' dir='ltr'><strong>deputarunt,</strong></span> 
     </span>
     <span class='ocr_line' id='line_1_11' title="bbox 375 1528 2609 1596; baseline -0.002 -1"><span class='ocrx_word' id='word_1_81' title='bbox 375 1530 658 1595; x_wconf 86' lang='lat' dir='ltr'><strong>dicimus</strong></span> <span class='ocrx_word' id='word_1_82' title='bbox 705 1546 838 1595; x_wconf 92' lang='lat' dir='ltr'><strong>non</strong></span> <span class='ocrx_word' id='word_1_83' title='bbox 882 1531 1128 1596; x_wconf 87' lang='lat' dir='ltr'><strong>debere</strong></span> <span class='ocrx_word' id='word_1_84' title='bbox 1175 1528 1346 1593; x_wconf 83' lang='lat' dir='ltr'><strong>solvi</strong></span> <span class='ocrx_word' id='word_1_85' title='bbox 1393 1528 1758 1594; x_wconf 84' lang='lat' dir='ltr'><strong>collectam.</strong></span> <span class='ocrx_word' id='word_1_86' title='bbox 2604 1554 2609 1559; x_wconf 87' lang='lat'>·</span> 
     </span>
    </p>

    <p class='ocr_par' dir='ltr' id='par_1_3' title="bbox 371 1634 2788 3492">
     <span class='ocr_line' id='line_1_12' title="bbox 588 1634 2763 1719; baseline -0.002 -18"><span class='ocrx_word' id='word_1_87' title='bbox 588 1635 700 1701; x_wconf 86' lang='lat' dir='ltr'><strong>VL</strong></span> <span class='ocrx_word' id='word_1_88' title='bbox 769 1634 1133 1715; x_wconf 78' lang='lat' dir='ltr'><strong>Antiquam</strong></span> <span class='ocrx_word' id='word_1_89' title='bbox 1214 1634 1417 1699; x_wconf 85' lang='lat' dir='ltr'><strong>etiam</strong></span> <span class='ocrx_word' id='word_1_90' title='bbox 1487 1634 1976 1717; x_wconf 86' lang='lat' dir='ltr'><strong>regnicolarum</strong></span> <span class='ocrx_word' id='word_1_91' title='bbox 2044 1636 2337 1715; x_wconf 89' lang='lat' dir='ltr'><strong>ipsorum</strong></span> <span class='ocrx_word' id='word_1_92' title='bbox 2390 1636 2521 1719; x_wconf 83' lang='lat' dir='ltr'><strong>jus,</strong></span> <span class='ocrx_word' id='word_1_93' title='bbox 2590 1634 2763 1713; x_wconf 90' lang='lat' dir='ltr'><strong>quod</strong></span> 
     </span>
     <span class='ocr_line' id='line_1_13' title="bbox 375 1740 2767 1823; baseline -0.001 -18"><span class='ocrx_word' id='word_1_94' title='bbox 375 1740 748 1819; x_wconf 84' lang='lat' dir='ltr'><strong>aliquorum</strong></span> <span class='ocrx_word' id='word_1_95' title='bbox 779 1740 1366 1820; x_wconf 88' lang='lat' dir='ltr'><strong>praedecessorum</strong></span> <span class='ocrx_word' id='word_1_96' title='bbox 1396 1745 1792 1823; x_wconf 87' lang='lat' dir='ltr'><strong>nostrorum,</strong></span> <span class='ocrx_word' id='word_1_97' title='bbox 1824 1759 2055 1823; x_wconf 89' lang='lat' dir='ltr'><strong>regum</strong></span> <span class='ocrx_word' id='word_1_98' title='bbox 2088 1740 2493 1821; x_wconf 88' lang='lat' dir='ltr'><strong>Boemorum,</strong></span> <span class='ocrx_word' id='word_1_99' title='bbox 2520 1747 2767 1820; x_wconf 88' lang='lat' dir='ltr'><strong>tempo·</strong></span> 
     </span>
     <span class='ocr_line' id='line_1_14' title="bbox 376 1842 2771 1928; baseline -0 -21"><span class='ocrx_word' id='word_1_100' title='bbox 376 1844 567 1910; x_wconf 89' lang='lat' dir='ltr'><strong>ribus</strong></span> <span class='ocrx_word' id='word_1_101' title='bbox 613 1842 932 1910; x_wconf 88' lang='lat' dir='ltr'><strong>abolitum</strong></span> <span class='ocrx_word' id='word_1_102' title='bbox 979 1850 1048 1907; x_wconf 90' lang='lat' dir='ltr'><strong>et</strong></span> <span class='ocrx_word' id='word_1_103' title='bbox 1094 1845 1306 1909; x_wconf 85' lang='lat' dir='ltr'><strong>abusu</strong></span> <span class='ocrx_word' id='word_1_104' title='bbox 1353 1848 1739 1911; x_wconf 85' lang='lat' dir='ltr'><strong>revocatum</strong></span> <span class='ocrx_word' id='word_1_105' title='bbox 1784 1842 2025 1928; x_wconf 85' lang='lat' dir='ltr'><strong>fuerat,</strong></span> <span class='ocrx_word' id='word_1_106' title='bbox 2074 1848 2499 1924; x_wconf 78' lang='lat' dir='ltr'><strong>renovanteS,</strong></span> <span class='ocrx_word' id='word_1_107' title='bbox 2546 1843 2771 1909; x_wconf 90' lang='lat' dir='ltr'><strong>decer-</strong></span> 
     </span>
     <span class='ocr_line' id='line_1_15' title="bbox 373 1946 2775 2041; baseline -0 -28"><span class='ocrx_word' id='word_1_108' title='bbox 373 1947 595 2013; x_wconf 88' lang='lat' dir='ltr'><strong>nimus</strong></span> <span class='ocrx_word' id='word_1_109' title='bbox 641 1953 712 2013; x_wconf 90' lang='lat' dir='ltr'><strong>et</strong></span> <span class='ocrx_word' id='word_1_110' title='bbox 755 1948 824 2014; x_wconf 90' lang='lat' dir='ltr'><strong>in</strong></span> <span class='ocrx_word' id='word_1_111' title='bbox 875 1954 1200 2030; x_wconf 83' lang='lat' dir='ltr'><strong>perpetua</strong></span> <span class='ocrx_word' id='word_1_112' title='bbox 1246 1950 1329 2013; x_wconf 89' lang='lat' dir='ltr'><strong>de</strong></span> <span class='ocrx_word' id='word_1_113' title='bbox 1390 1951 1618 2013; x_wconf 89' lang='lat' dir='ltr'><strong>cetero</strong></span> <span class='ocrx_word' id='word_1_114' title='bbox 1680 1950 1980 2013; x_wconf 90' lang='lat' dir='ltr'><strong>volumus</strong></span> <span class='ocrx_word' id='word_1_115' title='bbox 2050 1946 2427 2014; x_wconf 85' lang='lat' dir='ltr'><strong>stabilitate</strong></span> <span class='ocrx_word' id='word_1_116' title='bbox 2488 1965 2775 2041; x_wconf 67' lang='lat' dir='ltr'><strong>manere²</strong></span> 
     </span>
     <span class='ocr_line' id='line_1_16' title="bbox 376 2050 2773 2133; baseline 0 -16"><span class='ocrx_word' id='word_1_117' title='bbox 376 2052 556 2132; x_wconf 90' lang='lat' dir='ltr'><strong>quod</strong></span> <span class='ocrx_word' id='word_1_118' title='bbox 603 2052 977 2132; x_wconf 89' lang='lat' dir='ltr'><strong>quicunque</strong></span> <span class='ocrx_word' id='word_1_119' title='bbox 1045 2052 1198 2119; x_wconf 90' lang='lat' dir='ltr'><strong>filiis</strong></span> <span class='ocrx_word' id='word_1_120' title='bbox 1259 2052 1567 2119; x_wconf 86' lang='lat' dir='ltr'><strong>masculis</strong></span> <span class='ocrx_word' id='word_1_121' title='bbox 1631 2071 1765 2118; x_wconf 89' lang='lat' dir='ltr'><strong>non</strong></span> <span class='ocrx_word' id='word_1_122' title='bbox 1825 2052 2082 2118; x_wconf 81' lang='lat' dir='ltr'><strong>relictis</strong></span> <span class='ocrx_word' id='word_1_123' title='bbox 2148 2052 2531 2133; x_wconf 84' lang='lat' dir='ltr'><strong>decesserit,</strong></span> <span class='ocrx_word' id='word_1_124' title='bbox 2594 2050 2773 2117; x_wconf 83' lang='lat' dir='ltr'><strong>filiae</strong></span> 
     </span>
     <span class='ocr_line' id='line_1_17' title="bbox 373 2155 2773 2239; baseline -0 -17"><span class='ocrx_word' id='word_1_125' title='bbox 373 2155 782 2237; x_wconf 84' lang='lat' dir='ltr'><strong>superstites</strong></span> <span class='ocrx_word' id='word_1_126' title='bbox 828 2155 896 2220; x_wconf 88' lang='lat' dir='ltr'><strong>in</strong></span> <span class='ocrx_word' id='word_1_127' title='bbox 943 2156 1320 2222; x_wconf 87' lang='lat' dir='ltr'><strong>hereditate</strong></span> <span class='ocrx_word' id='word_1_128' title='bbox 1352 2162 1425 2222; x_wconf 88' lang='lat' dir='ltr'><strong>et</strong></span> <span class='ocrx_word' id='word_1_129' title='bbox 1457 2158 1644 2223; x_wconf 87' lang='lat' dir='ltr'><strong>bonis</strong></span> <span class='ocrx_word' id='word_1_130' title='bbox 1680 2158 1981 2239; x_wconf 83' lang='lat' dir='ltr'><strong>paternis</strong></span> <span class='ocrx_word' id='word_1_131' title='bbox 2012 2158 2394 2223; x_wconf 86' lang='lat' dir='ltr'><strong>succedant.</strong></span> <span class='ocrx_word' id='word_1_132' title='bbox 2443 2155 2517 2221; x_wconf 91' lang='lat' dir='ltr'><strong>Si</strong></span> <span class='ocrx_word' id='word_1_133' title='bbox 2550 2161 2773 2223; x_wconf 86' lang='lat' dir='ltr'><strong>autem</strong></span> 
     </span>
     <span class='ocr_line' id='line_1_18' title="bbox 371 2258 2773 2327; baseline -0 -2"><span class='ocrx_word' id='word_1_134' title='bbox 371 2277 504 2325; x_wconf 89' lang='lat' dir='ltr'><strong>nec</strong></span> <span class='ocrx_word' id='word_1_135' title='bbox 550 2258 720 2325; x_wconf 89' lang='lat' dir='ltr'><strong>filios</strong></span> <span class='ocrx_word' id='word_1_136' title='bbox 767 2278 891 2327; x_wconf 90' lang='lat' dir='ltr'><strong>nec</strong></span> <span class='ocrx_word' id='word_1_137' title='bbox 937 2258 1108 2326; x_wconf 89' lang='lat' dir='ltr'><strong>filias</strong></span> <span class='ocrx_word' id='word_1_138' title='bbox 1156 2260 1410 2327; x_wconf 87' lang='lat' dir='ltr'><strong>habens</strong></span> <span class='ocrx_word' id='word_1_139' title='bbox 1459 2267 1530 2327; x_wconf 91' lang='lat' dir='ltr'><strong>et</strong></span> <span class='ocrx_word' id='word_1_140' title='bbox 1574 2262 1759 2327; x_wconf 85' lang='lat' dir='ltr'><strong>nulla</strong></span> <span class='ocrx_word' id='word_1_141' title='bbox 1806 2262 1886 2327; x_wconf 91' lang='lat' dir='ltr'><strong>de</strong></span> <span class='ocrx_word' id='word_1_142' title='bbox 1935 2260 2125 2327; x_wconf 87' lang='lat' dir='ltr'><strong>bonis</strong></span> <span class='ocrx_word' id='word_1_143' title='bbox 2172 2261 2311 2326; x_wconf 89' lang='lat' dir='ltr'><strong>suis</strong></span> <span class='ocrx_word' id='word_1_144' title='bbox 2358 2262 2428 2326; x_wconf 92' lang='lat' dir='ltr'><strong>in</strong></span> <span class='ocrx_word' id='word_1_145' title='bbox 2474 2261 2617 2327; x_wconf 86' lang='lat' dir='ltr'><strong>vita</strong></span> <span class='ocrx_word' id='word_1_146' title='bbox 2664 2260 2773 2327; x_wconf 88' lang='lat' dir='ltr'><strong>vel</strong></span> 
     </span>
     <span class='ocr_line' id='line_1_19' title="bbox 379 2364 2777 2447; baseline 0.001 -18"><span class='ocrx_word' id='word_1_147' title='bbox 379 2364 452 2429; x_wconf 90' lang='lat' dir='ltr'><strong>in</strong></span> <span class='ocrx_word' id='word_1_148' title='bbox 515 2368 726 2430; x_wconf 88' lang='lat' dir='ltr'><strong>morte</strong></span> <span class='ocrx_word' id='word_1_149' title='bbox 797 2364 1234 2444; x_wconf 85' lang='lat' dir='ltr'><strong>dispositione</strong></span> <span class='ocrx_word' id='word_1_150' title='bbox 1291 2364 1473 2431; x_wconf 86' lang='lat' dir='ltr'><strong>facta</strong></span> <span class='ocrx_word' id='word_1_151' title='bbox 1546 2367 1846 2447; x_wconf 79' lang='lat' dir='ltr'><strong>decedat,</strong></span> <span class='ocrx_word' id='word_1_152' title='bbox 1913 2365 2345 2447; x_wconf 81' lang='lat' dir='ltr'><strong>proximiores</strong></span> <span class='ocrx_word' id='word_1_153' title='bbox 2414 2382 2623 2445; x_wconf 88' lang='lat' dir='ltr'><strong>usque</strong></span> <span class='ocrx_word' id='word_1_154' title='bbox 2692 2366 2777 2431; x_wconf 87' lang='lat' dir='ltr'><strong>ad</strong></span> 
     </span>
     <span class='ocr_line' id='line_1_20' title="bbox 382 2468 2779 2554; baseline 0.001 -20"><span class='ocrx_word' id='word_1_155' title='bbox 382 2472 694 2548; x_wconf 75' lang='lat' dir='ltr'><strong>quartum</strong></span> <span class='ocrx_word' id='word_1_156' title='bbox 740 2468 1386 2554; x_wconf 85' lang='lat' dir='ltr'><strong>consanguineitatis</strong></span> <span class='ocrx_word' id='word_1_157' title='bbox 1421 2470 1696 2552; x_wconf 87' lang='lat' dir='ltr'><strong>gradum</strong></span> <span class='ocrx_word' id='word_1_158' title='bbox 1729 2469 2078 2536; x_wconf 86' lang='lat' dir='ltr'><strong>masculini</strong></span> <span class='ocrx_word' id='word_1_159' title='bbox 2111 2469 2220 2536; x_wconf 91' lang='lat' dir='ltr'><strong>vel</strong></span> <span class='ocrx_word' id='word_1_160' title='bbox 2251 2468 2549 2536; x_wconf 88' lang='lat' dir='ltr'><strong>feminini</strong></span> <span class='ocrx_word' id='word_1_161' title='bbox 2582 2482 2779 2536; x_wconf 85' lang='lat' dir='ltr'><strong>sexus</strong></span> 
     </span>
     <span class='ocr_line' id='line_1_21' title="bbox 383 2572 2781 2657; baseline 0 -19"><span class='ocrx_word' id='word_1_162' title='bbox 383 2573 668 2638; x_wconf 88' lang='lat' dir='ltr'><strong>heredes</strong></span> <span class='ocrx_word' id='word_1_163' title='bbox 717 2574 784 2639; x_wconf 90' lang='lat' dir='ltr'><strong>in</strong></span> <span class='ocrx_word' id='word_1_164' title='bbox 827 2572 1019 2640; x_wconf 88' lang='lat' dir='ltr'><strong>bonis</strong></span> <span class='ocrx_word' id='word_1_165' title='bbox 1053 2575 1194 2640; x_wconf 88' lang='lat' dir='ltr'><strong>suis</strong></span> <span class='ocrx_word' id='word_1_166' title='bbox 1236 2573 1536 2640; x_wconf 89' lang='lat' dir='ltr'><strong>omnibus</strong></span> <span class='ocrx_word' id='word_1_167' title='bbox 1570 2578 1639 2640; x_wconf 85' lang='lat' dir='ltr'><strong>et</strong></span> <span class='ocrx_word' id='word_1_168' title='bbox 1671 2575 2049 2642; x_wconf 89' lang='lat' dir='ltr'><strong>hereditate</strong></span> <span class='ocrx_word' id='word_1_169' title='bbox 2096 2576 2477 2640; x_wconf 87' lang='lat' dir='ltr'><strong>succedant.</strong></span> <span class='ocrx_word' id='word_1_170' title='bbox 2529 2572 2781 2657; x_wconf 85' lang='lat' dir='ltr'><strong>Quibus</strong></span> 
     </span>
     <span class='ocr_line' id='line_1_22' title="bbox 383 2677 2780 2762; baseline 0.002 -22"><span class='ocrx_word' id='word_1_171' title='bbox 383 2693 516 2741; x_wconf 91' lang='lat' dir='ltr'><strong>non</strong></span> <span class='ocrx_word' id='word_1_172' title='bbox 583 2677 1048 2760; x_wconf 76' lang='lat' dir='ltr'><strong>existentibuS,</strong></span> <span class='ocrx_word' id='word_1_173' title='bbox 1113 2684 1181 2744; x_wconf 89' lang='lat' dir='ltr'><strong>et</strong></span> <span class='ocrx_word' id='word_1_174' title='bbox 1247 2679 1548 2760; x_wconf 88' lang='lat' dir='ltr'><strong>legitima</strong></span> <span class='ocrx_word' id='word_1_175' title='bbox 1610 2681 1929 2745; x_wconf 88' lang='lat' dir='ltr'><strong>bonorum</strong></span> <span class='ocrx_word' id='word_1_176' title='bbox 1999 2697 2263 2746; x_wconf 87' lang='lat' dir='ltr'><strong>suorum</strong></span> <span class='ocrx_word' id='word_1_177' title='bbox 2324 2678 2780 2762; x_wconf 82' lang='lat' dir='ltr'><strong>dispositione,</strong></span> 
     </span>
     <span class='ocr_line' id='line_1_23' title="bbox 387 2783 2783 2865; baseline 0.002 -20"><span class='ocrx_word' id='word_1_178' title='bbox 387 2786 588 2862; x_wconf 88' lang='lat' dir='ltr'><strong>prout</strong></span> <span class='ocrx_word' id='word_1_179' title='bbox 632 2783 1064 2863; x_wconf 88' lang='lat' dir='ltr'><strong>praemissum</strong></span> <span class='ocrx_word' id='word_1_180' title='bbox 1112 2791 1238 2864; x_wconf 86' lang='lat' dir='ltr'><strong>est,</strong></span> <span class='ocrx_word' id='word_1_181' title='bbox 1286 2801 1404 2864; x_wconf 90' lang='lat' dir='ltr'><strong>per</strong></span> <span class='ocrx_word' id='word_1_182' title='bbox 1451 2786 1856 2850; x_wconf 88' lang='lat' dir='ltr'><strong>decedentes</strong></span> <span class='ocrx_word' id='word_1_183' title='bbox 1906 2803 2035 2851; x_wconf 89' lang='lat' dir='ltr'><strong>non</strong></span> <span class='ocrx_word' id='word_1_184' title='bbox 2080 2783 2280 2865; x_wconf 84' lang='lat' dir='ltr'><strong>facta,</strong></span> <span class='ocrx_word' id='word_1_185' title='bbox 2320 2785 2403 2850; x_wconf 88' lang='lat' dir='ltr'><strong>ad</strong></span> <span class='ocrx_word' id='word_1_186' title='bbox 2452 2802 2571 2848; x_wconf 90' lang='lat' dir='ltr'><strong>nos</strong></span> <span class='ocrx_word' id='word_1_187' title='bbox 2620 2787 2783 2849; x_wconf 88' lang='lat' dir='ltr'><strong>tunc</strong></span> 
     </span>
     <span class='ocr_line' id='line_1_24' title="bbox 383 2886 2781 2956; baseline 0.003 -6"><span class='ocrx_word' id='word_1_188' title='bbox 383 2886 643 2951; x_wconf 89' lang='lat' dir='ltr'><strong>demum</strong></span> <span class='ocrx_word' id='word_1_189' title='bbox 688 2888 863 2952; x_wconf 87' lang='lat' dir='ltr'><strong>bona</strong></span> <span class='ocrx_word' id='word_1_190' title='bbox 911 2889 1372 2954; x_wconf 87' lang='lat' dir='ltr'><strong>decedentium</strong></span> <span class='ocrx_word' id='word_1_191' title='bbox 1431 2889 1661 2956; x_wconf 89' lang='lat' dir='ltr'><strong>taliter</strong></span> <span class='ocrx_word' id='word_1_192' title='bbox 1721 2890 2180 2956; x_wconf 85' lang='lat' dir='ltr'><strong>devolvantur.</strong></span> <span class='ocrx_word' id='word_1_193' title='bbox 2254 2889 2346 2954; x_wconf 87' lang='lat' dir='ltr'><strong>Et</strong></span> <span class='ocrx_word' id='word_1_194' title='bbox 2419 2889 2544 2956; x_wconf 90' lang='lat' dir='ltr'><strong>hoc</strong></span> <span class='ocrx_word' id='word_1_195' title='bbox 2604 2891 2781 2956; x_wconf 88' lang='lat' dir='ltr'><strong>idem</strong></span> 
     </span>
     <span class='ocr_line' id='line_1_25' title="bbox 385 2989 2788 3076; baseline 0.002 -21"><span class='ocrx_word' id='word_1_196' title='bbox 385 2990 460 3054; x_wconf 92' lang='lat' dir='ltr'><strong>in</strong></span> <span class='ocrx_word' id='word_1_197' title='bbox 505 2989 696 3056; x_wconf 88' lang='lat' dir='ltr'><strong>bonis</strong></span> <span class='ocrx_word' id='word_1_198' title='bbox 745 3008 988 3073; x_wconf 87' lang='lat' dir='ltr'><strong>eorum,</strong></span> <span class='ocrx_word' id='word_1_199' title='bbox 1034 2992 1149 3072; x_wconf 87' lang='lat' dir='ltr'><strong>qui</strong></span> <span class='ocrx_word' id='word_1_200' title='bbox 1197 3011 1314 3074; x_wconf 88' lang='lat' dir='ltr'><strong>pro</strong></span> <span class='ocrx_word' id='word_1_201' title='bbox 1379 2993 1644 3060; x_wconf 89' lang='lat' dir='ltr'><strong>delictis</strong></span> <span class='ocrx_word' id='word_1_202' title='bbox 1710 2993 1847 3060; x_wconf 89' lang='lat' dir='ltr'><strong>suis</strong></span> <span class='ocrx_word' id='word_1_203' title='bbox 1909 2994 2185 3076; x_wconf 85' lang='lat' dir='ltr'><strong>capitali</strong></span> <span class='ocrx_word' id='word_1_204' title='bbox 2230 2993 2597 3076; x_wconf 89' lang='lat' dir='ltr'><strong>puniuntur</strong></span> <span class='ocrx_word' id='word_1_205' title='bbox 2642 3015 2788 3061; x_wconf 91' lang='lat' dir='ltr'><strong>sen-</strong></span> 
     </span>
     <span class='ocr_line' id='line_1_26' title="bbox 377 3093 2777 3174; baseline 0.003 -16"><span class='ocrx_word' id='word_1_206' title='bbox 377 3093 616 3174; x_wconf 89' lang='lat' dir='ltr'><strong>tentia,</strong></span> <span class='ocrx_word' id='word_1_207' title='bbox 693 3095 990 3162; x_wconf 83' lang='lat' dir='ltr'><strong>volumus</strong></span> <span class='ocrx_word' id='word_1_208' title='bbox 1066 3098 1429 3164; x_wconf 86' lang='lat' dir='ltr'><strong>observari.</strong></span> <span class='ocrx_word' id='word_1_209' title='bbox 1487 3097 1728 3164; x_wconf 90' lang='lat' dir='ltr'><strong>Licere</strong></span> <span class='ocrx_word' id='word_1_210' title='bbox 1803 3104 2027 3165; x_wconf 83' lang='lat' dir='ltr'><strong>autem</strong></span> <span class='ocrx_word' id='word_1_211' title='bbox 2103 3100 2403 3168; x_wconf 90' lang='lat' dir='ltr'><strong>volumus</strong></span> <span class='ocrx_word' id='word_1_212' title='bbox 2478 3100 2777 3166; x_wconf 89' lang='lat' dir='ltr'><strong>omnibus</strong></span> 
     </span>
     <span class='ocr_line' id='line_1_27' title="bbox 382 3197 2784 3286; baseline 0.002 -22"><span class='ocrx_word' id='word_1_213' title='bbox 382 3197 668 3264; x_wconf 82' lang='lat' dir='ltr'><strong>filiorum</strong></span> <span class='ocrx_word' id='word_1_214' title='bbox 701 3205 771 3264; x_wconf 88' lang='lat' dir='ltr'><strong>et</strong></span> <span class='ocrx_word' id='word_1_215' title='bbox 802 3200 1087 3266; x_wconf 84' lang='lat' dir='ltr'><strong>filiarum</strong></span> <span class='ocrx_word' id='word_1_216' title='bbox 1134 3204 1536 3282; x_wconf 84' lang='lat' dir='ltr'><strong>posteritate</strong></span> <span class='ocrx_word' id='word_1_217' title='bbox 1568 3203 1955 3270; x_wconf 88' lang='lat' dir='ltr'><strong>carentibus</strong></span> <span class='ocrx_word' id='word_1_218' title='bbox 1996 3209 2068 3269; x_wconf 92' lang='lat' dir='ltr'><strong>et</strong></span> <span class='ocrx_word' id='word_1_219' title='bbox 2100 3203 2394 3286; x_wconf 85' lang='lat' dir='ltr'><strong>capitali,</strong></span> <span class='ocrx_word' id='word_1_220' title='bbox 2427 3209 2501 3270; x_wconf 90' lang='lat' dir='ltr'><strong>ut</strong></span> <span class='ocrx_word' id='word_1_221' title='bbox 2536 3205 2784 3270; x_wconf 88' lang='lat' dir='ltr'><strong>dictum</strong></span> 
     </span>
     <span class='ocr_line' id='line_1_28' title="bbox 379 3303 2780 3388; baseline 0.004 -22"><span class='ocrx_word' id='word_1_222' title='bbox 379 3309 506 3386; x_wconf 88' lang='lat' dir='ltr'><strong>est,</strong></span> <span class='ocrx_word' id='word_1_223' title='bbox 553 3303 893 3370; x_wconf 87' lang='lat' dir='ltr'><strong>sententia</strong></span> <span class='ocrx_word' id='word_1_224' title='bbox 953 3303 1326 3388; x_wconf 80' lang='lat' dir='ltr'><strong>puniendis,</strong></span> <span class='ocrx_word' id='word_1_225' title='bbox 1383 3307 1463 3370; x_wconf 91' lang='lat' dir='ltr'><strong>de</strong></span> <span class='ocrx_word' id='word_1_226' title='bbox 1527 3307 1716 3373; x_wconf 88' lang='lat' dir='ltr'><strong>bonis</strong></span> <span class='ocrx_word' id='word_1_227' title='bbox 1776 3308 1915 3373; x_wconf 88' lang='lat' dir='ltr'><strong>suis</strong></span> <span class='ocrx_word' id='word_1_228' title='bbox 1981 3308 2051 3374; x_wconf 90' lang='lat' dir='ltr'><strong>in</strong></span> <span class='ocrx_word' id='word_1_229' title='bbox 2112 3309 2253 3374; x_wconf 85' lang='lat' dir='ltr'><strong>vita</strong></span> <span class='ocrx_word' id='word_1_230' title='bbox 2314 3314 2384 3374; x_wconf 92' lang='lat' dir='ltr'><strong>et</strong></span> <span class='ocrx_word' id='word_1_231' title='bbox 2454 3308 2521 3373; x_wconf 91' lang='lat' dir='ltr'><strong>in</strong></span> <span class='ocrx_word' id='word_1_232' title='bbox 2567 3315 2780 3376; x_wconf 91' lang='lat' dir='ltr'><strong>morte</strong></span> 
     </span>
     <span class='ocr_line' id='line_1_29' title="bbox 385 3406 2047 3492; baseline 0.002 -20"><span class='ocrx_word' id='word_1_233' title='bbox 385 3406 762 3489; x_wconf 85' lang='lat' dir='ltr'><strong>disponere,</strong></span> <span class='ocrx_word' id='word_1_234' title='bbox 806 3413 1006 3490; x_wconf 88' lang='lat' dir='ltr'><strong>prout</strong></span> <span class='ocrx_word' id='word_1_235' title='bbox 1051 3427 1274 3475; x_wconf 90' lang='lat' dir='ltr'><strong>eorum</strong></span> <span class='ocrx_word' id='word_1_236' title='bbox 1323 3410 1653 3492; x_wconf 84' lang='lat' dir='ltr'><strong>placuerit</strong></span> <span class='ocrx_word' id='word_1_237' title='bbox 1701 3412 2047 3479; x_wconf 83' lang='lat' dir='ltr'><strong>voluntati.</strong></span> 
     </span>
    </p>

    <p class='ocr_par' dir='ltr' id='par_1_4' title="bbox 383 3510 2793 4437">
     <span class='ocr_line' id='line_1_30' title="bbox 595 3510 2778 3598; baseline 0.003 -22"><span class='ocrx_word' id='word_1_238' title='bbox 595 3510 747 3577; x_wconf 86' lang='lat' dir='ltr'><strong>VII.</strong></span> <span class='ocrx_word' id='word_1_239' title='bbox 795 3511 1104 3580; x_wconf 87' lang='lat' dir='ltr'><strong>Ceterum</strong></span> <span class='ocrx_word' id='word_1_240' title='bbox 1149 3519 1224 3579; x_wconf 92' lang='lat' dir='ltr'><strong>ut</strong></span> <span class='ocrx_word' id='word_1_241' title='bbox 1273 3515 1500 3598; x_wconf 70' lang='lat' dir='ltr'><strong>omniS,</strong></span> <span class='ocrx_word' id='word_1_242' title='bbox 1547 3534 1719 3596; x_wconf 89' lang='lat' dir='ltr'><strong>quae</strong></span> <span class='ocrx_word' id='word_1_243' title='bbox 1766 3519 1847 3582; x_wconf 89' lang='lat' dir='ltr'><strong>de</strong></span> <span class='ocrx_word' id='word_1_244' title='bbox 1895 3517 2085 3582; x_wconf 90' lang='lat' dir='ltr'><strong>nobis</strong></span> <span class='ocrx_word' id='word_1_245' title='bbox 2132 3515 2295 3598; x_wconf 90' lang='lat' dir='ltr'><strong>ipsis</strong></span> <span class='ocrx_word' id='word_1_246' title='bbox 2344 3518 2673 3585; x_wconf 89' lang='lat' dir='ltr'><strong>nobilibus</strong></span> <span class='ocrx_word' id='word_1_247' title='bbox 2710 3524 2778 3583; x_wconf 92' lang='lat' dir='ltr'><strong>et</strong></span> 
     </span>
     <span class='ocr_line' id='line_1_31' title="bbox 389 3615 2783 3704; baseline 0.004 -24"><span class='ocrx_word' id='word_1_248' title='bbox 389 3615 756 3700; x_wconf 84' lang='lat' dir='ltr'><strong>terrigenis</strong></span> <span class='ocrx_word' id='word_1_249' title='bbox 801 3619 992 3701; x_wconf 88' lang='lat' dir='ltr'><strong>regni</strong></span> <span class='ocrx_word' id='word_1_250' title='bbox 1063 3619 1376 3685; x_wconf 86' lang='lat' dir='ltr'><strong>Boemiae</strong></span> <span class='ocrx_word' id='word_1_251' title='bbox 1421 3622 1635 3700; x_wconf 89' lang='lat' dir='ltr'><strong>possit</strong></span> <span class='ocrx_word' id='word_1_252' title='bbox 1681 3621 1842 3688; x_wconf 90' lang='lat' dir='ltr'><strong>oriri</strong></span> <span class='ocrx_word' id='word_1_253' title='bbox 1888 3622 2182 3703; x_wconf 89' lang='lat' dir='ltr'><strong>suspicio</strong></span> <span class='ocrx_word' id='word_1_254' title='bbox 2229 3622 2337 3687; x_wconf 89' lang='lat' dir='ltr'><strong>vel</strong></span> <span class='ocrx_word' id='word_1_255' title='bbox 2383 3623 2783 3704; x_wconf 87' lang='lat' dir='ltr'><strong>displicendi</strong></span> 
     </span>
     <span class='ocr_line' id='line_1_32' title="bbox 387 3719 2790 3808; baseline 0.004 -24"><span class='ocrx_word' id='word_1_256' title='bbox 387 3719 678 3786; x_wconf 85' lang='lat' dir='ltr'><strong>materia</strong></span> <span class='ocrx_word' id='word_1_257' title='bbox 724 3720 1086 3804; x_wconf 85' lang='lat' dir='ltr'><strong>auferatur,</strong></span> <span class='ocrx_word' id='word_1_258' title='bbox 1129 3724 1300 3790; x_wconf 82' lang='lat' dir='ltr'><strong>hanc</strong></span> <span class='ocrx_word' id='word_1_259' title='bbox 1348 3725 1538 3790; x_wconf 90' lang='lat' dir='ltr'><strong>nobis</strong></span> <span class='ocrx_word' id='word_1_260' title='bbox 1585 3725 1801 3808; x_wconf 89' lang='lat' dir='ltr'><strong>legem</strong></span> <span class='ocrx_word' id='word_1_261' title='bbox 1850 3745 1997 3791; x_wconf 90' lang='lat' dir='ltr'><strong>cum</strong></span> <span class='ocrx_word' id='word_1_262' title='bbox 2041 3725 2447 3807; x_wconf 87' lang='lat' dir='ltr'><strong>adimplendi</strong></span> <span class='ocrx_word' id='word_1_263' title='bbox 2494 3730 2790 3794; x_wconf 86' lang='lat' dir='ltr'><strong>necessi·</strong></span> 
     </span>
     <span class='ocr_line' id='line_1_33' title="bbox 391 3825 2784 3906; baseline 0.003 -16"><span class='ocrx_word' id='word_1_264' title='bbox 391 3831 535 3891; x_wconf 83' lang='lat' dir='ltr'><strong>tate</strong></span> <span class='ocrx_word' id='word_1_265' title='bbox 629 3825 1022 3906; x_wconf 88' lang='lat' dir='ltr'><strong>imponimus</strong></span> <span class='ocrx_word' id='word_1_266' title='bbox 1099 3832 1167 3893; x_wconf 92' lang='lat' dir='ltr'><strong>et</strong></span> <span class='ocrx_word' id='word_1_267' title='bbox 1241 3828 1367 3893; x_wconf 89' lang='lat' dir='ltr'><strong>hoc</strong></span> <span class='ocrx_word' id='word_1_268' title='bbox 1433 3829 1504 3894; x_wconf 90' lang='lat' dir='ltr'><strong>in</strong></span> <span class='ocrx_word' id='word_1_269' title='bbox 1572 3831 1761 3896; x_wconf 89' lang='lat' dir='ltr'><strong>nobis</strong></span> <span class='ocrx_word' id='word_1_270' title='bbox 1831 3836 1900 3896; x_wconf 90' lang='lat' dir='ltr'><strong>et</strong></span> <span class='ocrx_word' id='word_1_271' title='bbox 1969 3831 2467 3897; x_wconf 89' lang='lat' dir='ltr'><strong>successoribus</strong></span> <span class='ocrx_word' id='word_1_272' title='bbox 2535 3835 2784 3900; x_wconf 87' lang='lat' dir='ltr'><strong>nostris</strong></span> 
     </span>
     <span class='ocr_line' id='line_1_34' title="bbox 389 3930 2785 4019; baseline 0.004 -26"><span class='ocrx_word' id='word_1_273' title='bbox 389 3934 756 4010; x_wconf 86' lang='lat' dir='ltr'><strong>perpetuae</strong></span> <span class='ocrx_word' id='word_1_274' title='bbox 827 3930 1259 4013; x_wconf 84' lang='lat' dir='ltr'><strong>obligationis</strong></span> <span class='ocrx_word' id='word_1_275' title='bbox 1327 3933 1800 4001; x_wconf 85' lang='lat' dir='ltr'><strong>observatione</strong></span> <span class='ocrx_word' id='word_1_276' title='bbox 1869 3936 2217 4019; x_wconf 81' lang='lat' dir='ltr'><strong>firmamuS,</strong></span> <span class='ocrx_word' id='word_1_277' title='bbox 2296 3939 2468 4016; x_wconf 91' lang='lat' dir='ltr'><strong>quod</strong></span> <span class='ocrx_word' id='word_1_278' title='bbox 2536 3939 2785 4003; x_wconf 90' lang='lat' dir='ltr'><strong>nullum</strong></span> 
     </span>
     <span class='ocr_line' id='line_1_35' title="bbox 388 4032 2787 4119; baseline 0.004 -22"><span class='ocrx_word' id='word_1_279' title='bbox 388 4032 825 4116; x_wconf 83' lang='lat' dir='ltr'><strong>capitaneum,</strong></span> <span class='ocrx_word' id='word_1_280' title='bbox 904 4035 1153 4100; x_wconf 88' lang='lat' dir='ltr'><strong>nullum</strong></span> <span class='ocrx_word' id='word_1_281' title='bbox 1222 4039 1647 4119; x_wconf 79' lang='lat' dir='ltr'><strong>purcravium</strong></span> <span class='ocrx_word' id='word_1_282' title='bbox 1718 4039 1827 4106; x_wconf 89' lang='lat' dir='ltr'><strong>vel</strong></span> <span class='ocrx_word' id='word_1_283' title='bbox 1898 4039 2338 4105; x_wconf 85' lang='lat' dir='ltr'><strong>castellanum</strong></span> <span class='ocrx_word' id='word_1_284' title='bbox 2405 4040 2475 4105; x_wconf 89' lang='lat' dir='ltr'><strong>in</strong></span> <span class='ocrx_word' id='word_1_285' title='bbox 2546 4041 2787 4107; x_wconf 86' lang='lat' dir='ltr'><strong>castris</strong></span> 
     </span>
     <span class='ocr_line' id='line_1_36' title="bbox 383 4137 2787 4224; baseline 0.004 -22"><span class='ocrx_word' id='word_1_286' title='bbox 383 4137 650 4220; x_wconf 78' lang='lat' dir='ltr'><strong>nostriS,</strong></span> <span class='ocrx_word' id='word_1_287' title='bbox 697 4137 946 4203; x_wconf 88' lang='lat' dir='ltr'><strong>nullum</strong></span> <span class='ocrx_word' id='word_1_288' title='bbox 992 4141 1487 4209; x_wconf 90' lang='lat' dir='ltr'><strong>beneficiarium</strong></span> <span class='ocrx_word' id='word_1_289' title='bbox 1533 4144 1642 4209; x_wconf 87' lang='lat' dir='ltr'><strong>vel</strong></span> <span class='ocrx_word' id='word_1_290' title='bbox 1692 4143 2039 4210; x_wconf 87' lang='lat' dir='ltr'><strong>officialem</strong></span> <span class='ocrx_word' id='word_1_291' title='bbox 2095 4145 2379 4224; x_wconf 88' lang='lat' dir='ltr'><strong>aliquem</strong></span> <span class='ocrx_word' id='word_1_292' title='bbox 2412 4145 2481 4211; x_wconf 91' lang='lat' dir='ltr'><strong>in</strong></span> <span class='ocrx_word' id='word_1_293' title='bbox 2515 4145 2787 4211; x_wconf 85' lang='lat' dir='ltr'><strong>Boemia</strong></span> 
     </span>
     <span class='ocr_line' id='line_1_37' title="bbox 389 4241 2783 4332; baseline 0.003 -24"><span class='ocrx_word' id='word_1_294' title='bbox 389 4241 496 4308; x_wconf 84' lang='lat' dir='ltr'><strong>vel</strong></span> <span class='ocrx_word' id='word_1_295' title='bbox 545 4241 849 4308; x_wconf 83' lang='lat' dir='ltr'><strong>Moravia</strong></span> <span class='ocrx_word' id='word_1_296' title='bbox 905 4244 1011 4309; x_wconf 84' lang='lat' dir='ltr'><strong>vel</strong></span> <span class='ocrx_word' id='word_1_297' title='bbox 1072 4246 1140 4310; x_wconf 90' lang='lat' dir='ltr'><strong>in</strong></span> <span class='ocrx_word' id='word_1_298' title='bbox 1204 4247 1389 4312; x_wconf 87' lang='lat' dir='ltr'><strong>curia</strong></span> <span class='ocrx_word' id='word_1_299' title='bbox 1451 4255 1681 4314; x_wconf 87' lang='lat' dir='ltr'><strong>nostra</strong></span> <span class='ocrx_word' id='word_1_300' title='bbox 1742 4267 2060 4331; x_wconf 88' lang='lat' dir='ltr'><strong>ponemus</strong></span> <span class='ocrx_word' id='word_1_301' title='bbox 2130 4249 2591 4332; x_wconf 88' lang='lat' dir='ltr'><strong>alienigenam,</strong></span> <span class='ocrx_word' id='word_1_302' title='bbox 2660 4269 2783 4316; x_wconf 90' lang='lat' dir='ltr'><strong>nec</strong></span> 
     </span>
     <span class='ocr_line' id='line_1_38' title="bbox 399 4347 2793 4437; baseline 0.003 -25"><span class='ocrx_word' id='word_1_303' title='bbox 399 4347 590 4430; x_wconf 89' lang='lat' dir='ltr'><strong>bona,</strong></span> <span class='ocrx_word' id='word_1_304' title='bbox 658 4348 1114 4430; x_wconf 88' lang='lat' dir='ltr'><strong>possessiones</strong></span> <span class='ocrx_word' id='word_1_305' title='bbox 1185 4351 1294 4417; x_wconf 88' lang='lat' dir='ltr'><strong>vel</strong></span> <span class='ocrx_word' id='word_1_306' title='bbox 1355 4357 1584 4420; x_wconf 86' lang='lat' dir='ltr'><strong>castra</strong></span> <span class='ocrx_word' id='word_1_307' title='bbox 1644 4354 1753 4420; x_wconf 88' lang='lat' dir='ltr'><strong>vel</strong></span> <span class='ocrx_word' id='word_1_308' title='bbox 1816 4351 2035 4420; x_wconf 87' lang='lat' dir='ltr'><strong>officia</strong></span> <span class='ocrx_word' id='word_1_309' title='bbox 2104 4353 2330 4434; x_wconf 91' lang='lat' dir='ltr'><strong>aliqua</strong></span> <span class='ocrx_word' id='word_1_310' title='bbox 2397 4353 2793 4437; x_wconf 88' lang='lat' dir='ltr'><strong>alienigenis</strong></span> 
     </span>
    </p>
   </div>
  </div>
 </body>
</html>
