3288 4973
36 50 131 82 'uzi-⁸.
148 63 159 80 ι
196 41 363 92 pass-{r
425 73 433 82 .

38 110 65 129 ι.
94 95 141 108 ”’“
164 123 167 126 .
290 91 297 104 ³
356 95 359 98 ⁴

36 161 57 217 i.
134 167 137 172 ,
264 163 267 168 .

36 295 45 308 Ι.

1410 308 1798 369 -136—

402 519 705 586 meliorem,
743 516 923 584 ipsam
961 513 1251 570 civitatem
1295 526 1421 566 cum
1462 513 1648 564 castro
1684 523 1798 564 una
1835 523 1958 562 cum
1995 506 2152 563 bonis
2202 505 2480 562 universis
2534 511 2798 574 spectan·
3216 480 3237 624 ε

403 602 555 660 tibus
606 603 675 659 ad
725 608 970 658 castrum
1024 602 1241 668 Donyn,
1292 596 1739 666 dependentibus
1801 596 1859 652 in
1923 593 2144 650 feodum
2207 593 2276 648 ab
2337 593 2462 662 ipsa
2525 591 2802 646 Misnensi

404 690 659 752 ecclesia.
710 687 833 759 regi
876 686 1097 754 Joanni,
1150 686 1379 755 ejusque
1436 682 1868 752 successoribus,
1918 680 2149 750 regibus
2209 681 2482 748 Boemiae,
2543 677 2792 734 contulit

400 780 461 834 in
496 778 717 832 feodum
752 772 1093 840 honorabile,
1149 786 1339 842 regem
1398 786 1499 839 per
1548 769 1789 824 biretum
1849 769 1917 823 de
1957 769 2039 823 eis
2097 767 2156 822 in
2209 766 2430 837 signum
2485 765 2792 833 vassallagii

402 865 728 920 investiens.
767 862 888 916 Rex
928 865 1115 915 autem
1151 859 1441 914 civitatem
1485 865 1545 912 et
1584 865 1828 912 castrum
1865 871 1979 911 una
2015 871 2141 910 cum
2181 854 2338 910 bonis
2375 852 2678 922 praedictis
2721 860 2799 906 ab

398 951 523 1020 ipso
562 949 819 1020 episcopo
854 946 916 1002 in
950 947 1175 1002 feodum
1209 951 1539 1013 perpetuum
1564 943 1803 1012 accepit,
1837 943 2176 1012 promittens
2209 941 2456 995 debitum
2493 940 2792 996 fidelitatis

402 1037 739 1105 homagium,
778 1034 1150 1090 obedientiam
1187 1040 1247 1088 et
1282 1032 1656 1088 reverentiam
1693 1031 1951 1098 episcopo
1987 1035 2158 1098 atque
2197 1027 2467 1084 ecclesiae
2517 1027 2792 1083 Misnensi

404 1122 832 1195 exhibiturum.“

612 1244 1036 1333 (Excerptum
1103 1265 1187 1310 0ae
1248 1241 1461 1310 litoris
1524 1265 1583 1310 α.
1642 1242 1835 1322 1336,
1895 1241 1999 1309 27.
2056 1239 2207 1310 Jan.
2275 1262 2319 1303 a
2381 1259 2528 1325 τερα
2608 1240 2787 1304 datis

400 1359 737 1438 praesento
781 1347 1073 1430 Rudolfo
1120 1347 1451 1412 Samoniac
1496 1347 1680 1412 ducis
1729 1355 1842 1414 otc.
1886 1383 1974 1396 -
2017 1343 2181 1414 Eme.
2227 1343 2337 1411 IV.
2383 1341 2558 1430 268.)

611 1543 760 1610 122.
795 1539 1055 1612 Litera
1086 1538 1451 1610 Vitkonis
1483 1536 1824 1625 episcopi
1865 1535 2273 1607 Misnensis
2305 1553 2535 1624 super
2563 1531 2784 1603 feodo

398 1645 459 1714 P
464 1643 784 1733 yrnensi
826 1643 999 1732 regi
1043 1643 1349 1714 collato.
1498 1730 1672 1799 1336

608 1870 736 1926 List
768 1870 948 1926 Vitka
985 1869 1223 1938 biskupa
1257 1868 1612 1924 Misenskeho
1667 1885 1740 1924 na.
1773 1868 1973 1935 Perno,
2023 1871 2088 1921 ze
2143 1881 2242 1934 pro
2280 1864 2490 1920 obranu
2547 1865 2780 1919 kraluov

398 1957 639 2024 ceskyeh
668 1957 773 2027 jim
810 1963 868 2013 to
904 1959 1083 2012 mesto
1119 1956 1263 2012 dano
1316 1956 1427 2024 pod
1486 1957 1762 2011 manstvie
1798 1954 1817 2008 i
1847 1955 1969 2025 jich
2007 1954 2284 2008 huddcim.
2335 1951 2457 2023 (Pi-i
2513 1959 2627 2005 tom
2681 1951 2774 2019 byl

397 2044 671 2100 Rudolfus
704 2044 905 2099 knieze
942 2043 1108 2100 saske
1145 2059 1180 2098 a
1208 2042 1319 2112 jini
1356 2043 1673 2112 svedkove.)
1714 2045 1864 2097 1336.
1903 2042 2002 2111 (A.
2041 2041 2143 2110 K.)

608 2217 757 2288 123.
836 2217 887 2287 J
890 2235 1172 2287 oannes
1241 2215 1395 2284 dux
1466 2215 1762 2286 Slesiae
1836 2217 1913 2284 et
1978 2214 2324 2284 dominus
2394 2211 2786 2283 Stinaviae

399 2321 450 2391 J
453 2320 681 2391 oanni
724 2320 899 2408 regi
942 2340 1081 2408 pro
1130 2319 1450 2390 civitate
1494 2322 1574 2390 et
1616 2322 1829 2390 terra
1873 2315 2396 2407 Glogoviensi,
2431 2335 2654 2404 quam
2684 2317 2779 2386 ab

398 2443 487 2495 eo
532 2423 629 2495 ad
674 2427 1015 2513 tempora
1061 2424 1267 2497 vitae
1330 2443 1513 2496 suae
1575 2423 2110 2512 possidendam
2171 2424 2589 2511 acceperat,
2649 2421 2779 2492 du·

397 2532 647 2599 catum
713 2548 931 2599 suum
993 2529 1552 2601 Stinaviensem
1628 2548 1797 2598 cum
1872 2527 2323 2599 civitatibus
2406 2525 2797 2621 Stinavia„

396 2634 621 2717 Gora,
668 2632 916 2705 Lubin
962 2637 1039 2705 et
1082 2634 1593 2705 Frauenstadt
1636 2633 1861 2720 cedit,
1909 2633 2170 2721 eisque
2217 2632 2299 2703 in
2331 2636 2776 2721 perpetuum

398 2736 810 2808 renuntiat.

1309 2828 1503 2911 1336,
1548 2828 1658 2897 30.
1705 2826 1757 2898 J
1758 2846 1879 2897 an.

522 2953 527 2959 ’
597 2962 725 3017 List
758 2962 905 3020 Jana
940 2964 1202 3020 knieiete
1237 2962 1544 3034 slezskeho,
1582 2968 1650 3018 ze
1686 2980 1786 3032 pro
1841 2970 1899 3019 to
1937 2962 2260 3019 dobrodinie
2315 2963 2446 3017 sobe
2500 2962 2570 3018 od
2618 2963 2776 3019 krale

388 3049 535 3106 Jana
571 3050 824 3119 ucinene,
860 3054 925 3105 ze
956 3050 1075 3121 jest
1102 3051 1258 3121 jemu
1295 3050 1363 3105 do
1400 3054 1589 3107 zivota
1628 3052 1797 3108 sveho
1822 3054 1861 3107 k
1886 3052 2113 3107 uzivani
2150 3050 2240 3105 dal
2279 3051 2496 3119 Glogov
2533 3066 2595 3105 se
2637 3052 2777 3107 vstm

392 3137 855 3207 prislusenstv1m‚
893 3152 962 3193 on
999 3152 1129 3193 zase
1158 3138 1391 3208 jakozto
1429 3139 1642 3207 vdecny
1693 3140 1824 3194 toho
1873 3138 2017 3194 davd
2063 3140 2250 3193 temni
2299 3137 2446 3192 krali
2495 3140 2774 3207 ceskemu‚

390 3223 639 3279 dedicom
660 3226 678 3279 i
709 3224 981 3295 buddcim,
1006 3225 1382 3281 kniezetstvie
1408 3226 1722 3294 Stynavske
1752 3243 1777 3281 s
1800 3226 1984 3295 mesty
2008 3242 2043 3281 a
2067 3242 2093 3281 s
2125 3226 2320 3297 Jinymi
2340 3226 2766 3294 piislusnostmi.

397 3313 547 3367 1336.
586 3310 687 3378 (A.
722 3312 824 3381 K.)

600 3415 721 3472 Ten
756 3416 859 3470 list
887 3416 1007 3485 jest
1040 3416 1289 3485 podruhe
1326 3421 1541 3487 sepsan.
1579 3418 1679 3490 (A.
1719 3420 1820 3489 K.)

600 3538 681 3604 In
727 3538 987 3605 nomine
1035 3540 1300 3607 Domini
1331 3540 1560 3607 Amen.
1609 3542 1749 3608 Nos
1777 3541 1826 3607 J
1829 3560 2078 3608 oannes
2111 3542 2190 3607 D.
2224 3561 2319 3625 gr.
2354 3543 2484 3607 dux
2517 3541 2778 3609 Sleziae

394 3646 463 3708 et
484 3643 781 3709 dominus
808 3641 1190 3727 Stynaviae‚
1222 3646 1575 3713 memoriae
1606 3648 2163 3729 commendantes,
2195 3648 2282 3712 ad
2313 3646 2774 3713 universorum

392 3745 701 3811 notitiam
746 3750 883 3813 tam
927 3748 1303 3828 praesentis
1352 3768 1548 3829 quam
1594 3750 1861 3817 futurae
1907 3751 2156 3817 aetatis
2203 3752 2498 3832 cupimus
2542 3756 2774 3818 tenore

394 3850 843 3930 praesentium
890 3853 1258 3935 pervenire,
1306 3856 1481 3935 quod
1528 3855 1810 3937 provida
1858 3862 1928 3922 et
1973 3860 2234 3923 matura
2294 3856 2778 3924 deliberatione

391 3958 462 4019 et
508 3955 783 4024 consilio
829 3964 1057 4023 nostro
1106 3964 1175 4024 et
1219 3958 1507 4025 fidelium
1553 3966 1932 4027 nostrorum
1979 3960 2390 4042 praehabitis
2439 3980 2519 4026 ac
2564 3961 2777 4027 libera

392 4062 461 4125 et
505 4060 680 4126 bona
726 4061 1090 4145 voluntate,
1136 4081 1265 4128 non
1312 4066 1547 4149 coacti,
1609 4084 1736 4132 non
1793 4064 2130 4149 compulsi,
2177 4067 2356 4132 nulla
2399 4065 2632 4133 fraude
2677 4065 2774 4131 in-

392 4161 576 4230 ducti
642 4182 761 4231 seu
824 4167 971 4232 dolo
1039 4168 1257 4248 aliquo
1328 4168 1785 4254 circumventi,
1854 4188 2039 4254 pure,
2106 4170 2333 4253 libere,
2399 4173 2638 4252 sponte
2706 4176 2776 4237 et

388 4268 923 4337 irrevocabiliter
947 4270 1124 4337 inter
1148 4273 1354 4353 viVOS,
1380 4276 1908 4342 commoditatem
1939 4294 2058 4341 seu
2092 4274 2449 4342 utilitatem
2481 4280 2775 4341 nostram
