3288 4973
1447 303 1833 364 -174—

451 507 691 592 viginti
737 507 1024 589 quinque
1069 505 1343 574 millium
1387 523 1761 572 marcarum
1804 523 1880 573 se
1928 507 2248 573 extendit.
2293 506 2425 574 Pro
2470 505 2710 588 quibus
2756 523 2835 571 ex

452 631 646 698 nunc,
692 620 890 696 prout
936 630 1021 678 ex
1063 615 1243 695 tunc,
1289 615 1518 678 castra
1571 615 1822 695 nostra,
1881 610 2200 678 videlicet-
2256 609 2707 696 Zegedienum
2769 616 2837 676 et

454 717 752 802 HaziniS,
796 716 926 784 alio
974 717 1234 785 nomine
1266 715 1488 782 Beche
1520 713 1945 799 nominatum,
1978 733 2126 780 cum
2156 731 2377 782 eorum
2410 713 2837 798 pertinentiis

454 827 526 888 et
557 840 702 888 cum
733 824 928 904 pleno
961 820 1264 903 dominio,
1293 820 1439 887 iure
1472 821 1828 887 eorundem
1860 824 1932 886 et
1972 838 2238 886 suarum
2284 819 2835 902 pertinentiarum

455 931 524 993 et
569 925 956 1010 specialiter
1001 944 1144 992 cum
1191 924 1446 992 iuribus
1480 929 1880 1006 patronatus
1914 925 2364 1010 ecclesiarum,
2394 925 2837 1008 promittimus

456 1031 599 1098 sine
647 1031 796 1098 dolo
842 1035 912 1096 et
956 1028 1192 1096 fraude
1259 1029 1389 1109 ipsi
1433 1029 1738 1096 dominae
1800 1029 2272 1112 Margarethae
2332 1031 2510 1114 dare,
2571 1031 2836 1096 tradere

455 1140 527 1203 et
571 1134 885 1219 obligare,
931 1154 1047 1202 suo
1096 1151 1254 1201 casu
1300 1137 1694 1200 occurrente
1740 1131 1947 1220 (quod
1991 1135 2171 1201 absit
2192 1133 2236 1220 Ξ)
2268 1135 2461 1200 iuxta
2490 1137 2836 1202 consuetu-

457 1240 677 1306 dinem
739 1239 1060 1322 nuptialis
1098 1238 1272 1322 ,iuris
1334 1238 1524 1320 regni
1583 1237 1941 1304 Bohemiae
2000 1240 2388 1305 redimenda
2446 1240 2531 1304 ab
2592 1239 2836 1306 eadem.

663 1343 950 1425 Insuper
995 1342 1257 1409 ratione
1302 1361 1516 1409 novae
1564 1342 2031 1427 proximitatis,
2079 1361 2210 1424 qua
2256 1342 2569 1423 utrinque
2615 1348 2838 1409 mutuo

458 1469 528 1518 se
577 1447 896 1515 astrinxit
939 1448 1083 1530 ipse
1123 1447 1422 1514 domiuus
1454 1446 1731 1513 Carolus
1761 1447 2054 1514 marchio
2088 1466 2235 1514 cum
2265 1447 2457 1513 nobis
2488 1450 2559 1512 et
2588 1446 2837 1514 nostris

459 1555 629 1637 filim,
697 1571 817 1619 nos
882 1570 921 1618 e
990 1569 1308 1619 conuerso
1375 1552 1588 1618 eidem
1658 1571 1741 1620 ex
1798 1553 2103 1619 sincerae
2168 1550 2546 1618 dilectionis
2592 1549 2835 1617 affectu

457 1663 696 1725 contra
739 1661 1014 1725 cunctos
1061 1657 1359 1722 inimicos
1405 1660 1713 1721 tenemur
1756 1661 1983 1722 mutuo
2030 1657 2368 1738 adiuuare,
2416 1655 2514 1721 ita
2560 1657 2735 1737 quod
2772 1659 2841 1720 et

459 1763 672 1844 ipsius
740 1762 986 1828 domini
1049 1761 1450 1828 marchionis
1529 1760 1777 1827 inimici
1847 1762 2063 1828 nostri
2132 1765 2330 1828 erunt
2401 1765 2471 1826 et
2538 1759 2842 1827 similiter

459 1871 721 1934 nostros
766 1865 1064 1933 inimicos
1111 1866 1255 1948 ipse
1301 1884 1418 1946 pro
1467 1865 1606 1932 suis
1665 1864 1952 1932 inimicis
2014 1867 2285 1932 habebit
2354 1871 2423 1930 et
2482 1863 2843 1946 reputabit.

667 1970 936 2050 Nosque
1011 1989 1092 2036 ex
1165 1988 1388 2036 amore
1464 1970 1797 2052 paternali
1866 1979 1936 2034 et
2003 1967 2357 2035 fraternali
2424 1969 2845 2050 ipsorumque

460 2075 796 2143 affectioni
871 2074 1058 2141 filiali
1128 2081 1197 2141 et
1269 2074 1579 2142 similiter
1646 2074 2016 2159 fraternali,
2081 2094 2202 2141 nos
2280 2079 2349 2139 et
2423 2081 2849 2156 utrorumque

459 2185 833 2248 nostrorum
879 2179 1049 2246 filios
1097 2184 1325 2246 mutua
1387 2177 1852 2247 vicissitudine
1900 2185 2137 2246 contra
2181 2197 2407 2246 omnes
2454 2180 2852 2246 insidiantes

458 2305 538 2352 ac
612 2284 1020 2351 rebellantes
1094 2283 1588 2366 adiuuabimus;
1675 2276 2261 2367 compositionibus
2340 2289 2579 2367 tamen,
2671 2285 2849 2351 inter

453 2389 734 2457 eundem
779 2405 1001 2470 regem
1046 2387 1356 2455 Boemiae
1419 2393 1487 2454 et
1546 2407 1703 2456 suos
1767 2388 1937 2457 filios
1997 2389 2395 2473 praedictOS,
2456 2407 2711 2470 nosque
2775 2395 2843 2454 et

457 2494 766 2561 similiter
811 2496 1077 2560 nostros
1122 2493 1311 2577 filios,
1343 2496 1637 2576 proxime
1672 2495 1905 2580 literiS‚
1939 2500 2011 2562 ut
2043 2494 2459 2577 praedictum
2494 2500 2602 2562 est
2634 2513 2853 2577 supra,

459 2606 527 2665 iu
573 2599 713 2665 suis
761 2598 1102 2680 vigoribus
1151 2598 1622 2679 permansuris,

663 2704 853 2771 Haec
899 2701 1108 2787 igitur
1153 2704 1372 2770 omnia
1419 2710 1488 2769 et
1534 2704 1799 2789 singula
1846 2712 1916 2773 et
1964 2705 2309 2787 quodlibet
2338 2703 2851 2788 praemissorum

458 2815 656 2892 prout
679 2811 762 2875 de
785 2811 987 2876 uerbo
1011 2810 1099 2875 ad
1121 2810 1393 2874 uerbum
1415 2811 1885 2890 praesentibus
1918 2815 2076 2877 sunt
2118 2811 2397 2893 inserta,
2440 2812 2562 2876 sub
2596 2810 2854 2877 virtute

457 2914 642 2994 prius
689 2912 1001 2996 praestiti
1049 2914 1134 2979 ad
1181 2918 1417 2980 sancta
1482 2914 1603 2980 Dei
1650 2916 2001 2997 euangelia
2060 2914 2435 2999 iuramenti,
2496 2916 2853 2981 attendere

459 3022 528 3084 et
553 3016 887 3083 custodire
935 3017 1378 3099 promittimus
1424 3037 1504 3085 ac
1547 3019 1825 3085 firmiter
1856 3039 1935 3085 ac
1968 3018 2447 3086 inuiolabiliter
2469 3019 2857 3085 obseruare.

667 3122 744 3187 In
809 3121 995 3188 cuius
1056 3128 1290 3205 gestae
1351 3122 1451 3189 rei
1512 3124 1890 3191 memoriam
1958 3128 2255 3190 nostrum
2326 3128 2395 3191 et
2461 3121 2857 3204 praedictae

459 3226 761 3294 dominae
827 3225 1118 3331 regicnae,
1187 3226 1518 3293 consortis
1587 3233 1878 3312 nostrae,
1952 3229 2175 3313 sigilla
2235 3247 2315 3293 ac
2378 3228 2579 3295 etiam
2639 3226 2855 3309 ipsius

457 3330 704 3396 domini
749 3330 1075 3397 Ludouici
1119 3329 1427 3415 sigillum,
1476 3349 1601 3412 quo
1648 3351 1823 3401 nunc
1876 3333 2107 3416 utitur,
2169 3332 2472 3400 duximus
2530 3348 2847 3414 praesen·

458 3434 642 3502 tibus
689 3436 1220 3517 appendendum.

665 3540 906 3607 Actum
925 3546 995 3608 et
1013 3542 1240 3608 datum
1258 3542 1326 3607 in
1342 3540 1721 3629 Wisegrad‚
1745 3542 2073 3611 dominica
2090 3542 2458 3627 Invocauit‚
2476 3560 2534 3608 a.
2559 3542 2638 3607 D.
2660 3548 2849 3610 1338.

664 3644 998 3731 (Ludewiq
1057 3644 1122 3713 V.
1165 3645 1312 3712 487.
1357 3682 1444 3695 -
1492 3644 1714 3732 Chytil
1770 3646 1866 3712 VI.
1914 3648 2062 3714 190.
2108 3684 2195 3695 —
2240 3644 2406 3716 Eml.
2448 3643 2590 3731 IV.)

666 3819 817 3889 155.
899 3816 1196 3891 Foedus
1271 3819 1474 3892 inter
1551 3820 1903 3893 carolum
1979 3840 2241 3910 regem
2314 3817 2700 3907 Ungariae
2776 3820 2855 3889 et

458 3922 810 3994 Cal-olum
857 3922 1364 3995 marchionem
1409 3926 1821 3999 Mei-aviae.

1341 4050 1535 4135 1338,
1582 4053 1647 4119 1.
1694 4047 1974 4119 Martii.

665 4167 801 4235 Nos
849 4168 1124 4237 Carolus
1169 4170 1248 4235 D.
1295 4191 1391 4256 gr.
1435 4190 1558 4239 rex
1611 4171 2022 4257 Hungariae‚
2082 4175 2315 4239 tenore
2369 4170 2846 4254 praesentium,

455 4274 695 4355 quibus
728 4275 1019 4359 expedit,
1053 4274 1494 4359 significamus
1527 4276 1881 4361 universis,
1912 4277 2263 4345 memoriae
2301 4276 2849 4361 commendamuS,
