3288 4973
1024 999 1386 1103 Aetas
1463 997 1826 1101 Caroli
1903 999 2111 1125 IV„
2187 999 2525 1104 Rom.
2603 1001 2920 1132 regie,

774 1249 873 1311 in
915 1262 1194 1327 reqem
1240 1247 1629 1311 Boemiae
1673 1263 1798 1311 ao.
1845 1247 2010 1311 134
2019 1244 2093 1324 ¹7,
2157 1246 2230 1309 2.
2282 1243 2776 1323 Septembris
2834 1245 3157 1324 Prayae

1778 1368 2170 1435 coronati.

989 1667 1141 1734 259.
1222 1663 1541 1734 Carolus
1601 1681 1740 1731 rex
1803 1662 1854 1732 J
1856 1680 2171 1731 oannem
2232 1660 2496 1730 ducem
2571 1657 2987 1748 Stynaviae
3057 1659 3160 1729 in·

779 1767 1043 1837 feudat
1090 1768 1184 1837 de
1226 1772 1441 1838 terra
1487 1766 1862 1856 Stynavia
1905 1767 2002 1836 ad
2046 1765 2254 1837 vitae
2299 1774 2660 1852 tempora.

1526 1891 1722 1975 1347,
1769 1893 1876 1958 11.
1927 1887 2415 1975 Septembris.

985 2030 1262 2096 Carolus
1311 2031 1388 2096 D.
1436 2051 1527 2112 gr.
1573 2031 1653 2095 R.
1699 2048 1820 2095 rex
1866 2049 1914 2095 s.
1964 2049 2019 2096 a.
2067 2035 2136 2095 et
2178 2030 2252 2093 B.
2286 2047 2404 2093 rex
2439 2028 2687 2094 illustri
2718 2029 2981 2106 Joanni,
3015 2028 3166 2094 duci

781 2134 1166 2219 Stynaviae,
1211 2134 1495 2216 principi
1543 2152 1660 2201 suo
1717 2134 1978 2217 dilecto,
2043 2152 2225 2201 suam
2289 2133 2574 2215 gratiam
2622 2138 2690 2197 et
2743 2133 3026 2198 salutem
3061 2185 3120 2198 ..
3160 2184 3171 2198 .

983 2241 1142 2307 Cum
1189 2245 1343 2305 tuae
1391 2239 1738 2320 petitionis
1786 2239 2010 2306 oblata
2064 2238 2252 2305 nobis
2300 2237 2509 2303 series
2558 2236 2953 2319 contineret,
2995 2239 3169 2318 quod

780 2350 854 2409 tu
899 2344 1089 2410 nobis
1136 2348 1288 2426 post
1333 2342 1548 2411 felicis
1597 2348 1868 2410 nostrae
1916 2342 2362 2410 coronationis
2408 2347 2727 2425 tempora,
2781 2343 2931 2407 dum
2983 2342 3174 2409 nobis

784 2448 1053 2516 debitae
1079 2448 1429 2515 fidelitatis
1455 2449 1825 2531 homagium
1857 2449 2336 2530 praestitisses,
2368 2447 2782 2515 ferventibus
2817 2446 3176 2514 desideriis

784 2554 1132 2637 offerebas,
1180 2560 1507 2634 quatenus
1554 2555 1678 2620 tibi
1727 2557 2036 2621 ducatum
2085 2553 2227 2619 sive
2277 2554 2737 2635 principatum,
2794 2571 2988 2632 quem
3021 2552 3178 2619 olim

784 2661 870 2726 ab
920 2659 1169 2725 illustri
1217 2660 1474 2726 domino
1522 2660 1566 2725 J
1572 2678 1803 2740 oanne,
1866 2658 2148 2725 celebris
2195 2658 2547 2724 memoriae
2592 2657 2896 2741 genitore
2945 2662 3180 2724 nostro

784 2762 1148 2845 carissimO,
1194 2765 1346 2829 olim
1393 2783 1551 2848 rege
1599 2765 1694 2845 B.,
1739 2763 1806 2828 in
1854 2765 2184 2844 pheudum
2227 2762 2524 2829 tenuisse
2558 2763 2878 2845 probam,
2917 2763 3180 2830 virtute

783 2870 975 2955 regni
1021 2868 1351 2951 Boemiae,
1382 2871 1570 2952 cujus
1603 2887 1776 2935 nunc
1812 2868 2113 2950 regimini
2147 2868 2424 2935 Domino
2457 2868 2851 2949 disponente
2882 2866 3185 2934 feliciter

783 2974 1255 3056 praesidemuS,
1320 2993 1467 3040 cum
1514 2974 1652 3039 suis
1710 2972 2158 3054 libertatibuS,
2222 2973 2768 3052 immunitatibuS,
2812 2971 3184 3044 honoribus

785 3083 856 3144 et
901 3078 1159 3161 gratiis,
1207 3078 1383 3143 sicut
1427 3080 1703 3144 eundem
1751 3080 2077 3145 hactenus
2112 3078 2486 3159 possedisti,
2541 3078 2608 3141 in
2642 3076 2991 3159 pheudum,
3026 3078 3188 3141 dum

787 3183 1091 3265 viveres·
1118 3182 1421 3248 conferre
1466 3185 1547 3248 de
1595 3184 1803 3264 regali
1852 3182 2346 3265 magnificentia
2407 3168 2859 3263 dignaremur:

896 3309 902 3314 ·
996 3303 1115 3352 nos
1149 3339 1162 3354 .
1198 3305 1254 3353 ς.
1295 3287 1633 3368 ¹ducatum
1709 3287 1853 3352 sive
1918 3285 2365 3369 principatum
2425 3290 2605 3351 tuum
2666 3303 2806 3351 cum
2870 3285 3188 3352 omnibus

786 3392 1161 3476 honoribuS,
1208 3389 1446 3476 gratiis
1496 3396 1562 3456 et
1610 3390 2155 3473 immunitatibuS‚
2202 3397 2275 3455 ut
2325 3409 2470 3456 eum
2518 3391 2842 3456 hactenus
2877 3389 3189 3472 tenuisti,

787 3516 950 3565 nom.
997 3515 1145 3561 cum
1188 3495 1547 3561 medietate
1595 3495 1944 3561 civitatum
2007 3495 2374 3577 Stynaviae
2420 3501 2492 3560 et
2538 3494 2693 3575 Gor,
2751 3494 3193 3562 districtuum

786 3607 855 3667 et
880 3601 1371 3683 appendiorum,
1402 3600 1733 3665 fructuum
1766 3608 1836 3666 et
1871 3599 2233 3666 utilitatum
2270 3598 2743 3682 pertinentium
2777 3600 2860 3663 ad
2893 3602 3195 3682 easdem,

785 3706 852 3772 in
900 3706 1135 3787 quibus
1180 3704 1395 3770 media
1443 3724 1598 3786 pars
1646 3704 1836 3770 nobis
1884 3709 1955 3768 et
1999 3704 2124 3770 tibi
2171 3704 2438 3769 residua
2488 3701 2840 3785 provenire
2891 3704 3195 3786 debebit,

788 3828 1044 3877 necnon
1070 3809 1328 3892 oppidis
1353 3808 1609 3892 Budua,
1637 3808 2027 3891 Polkewitz,
2055 3808 2244 3889 Tfiia,
2280 3813 2349 3873 et
2373 3808 2761 3890 pignoribus
2794 3806 2936 3873 tuis
2971 3809 3194 3876 Hern-

787 3920 927 3980 stat
972 3919 1042 3981 et
1079 3913 1390 3979 Winczik
1423 3919 1493 3979 et
1526 3919 1749 3978 castro
1781 3914 2025 3979 Ritzen
2057 3965 2070 3978 .
2102 3964 2114 3977 .
2152 3964 2164 3977 .
2212 3912 2278 3977 in
2322 3912 2649 3993 pheudum
2674 3913 2770 3979 ad
2803 3911 2997 3980 vitae
3033 3920 3195 3980 tuae

786 4030 1089 4103 tempora
1135 4017 1533 4084 conferimus
1580 4022 1649 4083 et
1697 4019 2062 4084 donamus:
2096 4069 2157 4083 ..

999 4141 1242 4207 Datum
1309 4139 1573 4223 Pragae
1642 4160 1700 4205 a.
1769 4140 1848 4204 D.
1923 4141 2110 4222 1347,
2184 4138 2562 4205 Indictione
2630 4138 2762 4222 VI„
2831 4138 2966 4207 III.
3039 4142 3199 4209 Idus

790 4245 1223 4330 Septembris,
1270 4263 1619 4328 regnorum
1669 4247 2045 4309 nostrorum
2090 4262 2263 4312 anno
2313 4243 2622 4312 secundo,

994 4365 1421 4460 (Gr-imbaqon
1469 4366 1516 4437 I.
1563 4366 1598 4426 1
1608 4368 1649 4429 6
1657 4365 1740 4453 7.)
