3288 4973
1324 358 1719 419 -449—

314 559 400 623 ad
449 560 756 624 naturaie
818 566 890 625 et
949 560 1426 627 hereditarium
1491 561 1864 643 dominium,
1931 580 2051 627 nos
2112 561 2412 627 omnibus
2476 562 2715 642 tituliS,

317 660 560 739 quibus
605 661 795 728 nobis
841 661 1168 729 dictorum
1216 666 1529 731 bonorum
1577 664 1914 746 possessio
1968 668 2407 747 competebat,
2446 664 2713 746 penitus

321 773 664 831 exuentes,

527 868 1010 937 Promittentes
1055 890 1176 953 pro
1221 872 1411 939 nobis
1458 879 1530 939 et
1575 872 2077 939 successoribus
2141 872 2391 938 nostris
2447 872 2516 939 in
2565 890 2709 955 per-

315 978 611 1055 petuum,
657 976 830 1041 bona
873 974 1024 1057 fide,
1069 976 1214 1043 sine
1260 977 1430 1059 dolo,
1477 976 1731 1044 dictum
1778 977 2105 1059 oppidum.
2159 976 2378 1059 villaS,
2424 980 2597 1043 bona
2642 984 2712 1042 et

313 1077 764 1159 pertinentias
808 1096 1142 1161 nunquam
1190 1081 1523 1162 aliquibus
1569 1080 1816 1148 futuris
1871 1080 2281 1163 temporibus
2348 1088 2707 1163 arrestare,

312 1179 658 1265 impetere,
726 1184 1070 1266 postulare
1129 1202 1250 1251 seu
1307 1192 1640 1268 repetere,
1703 1184 1935 1267 quovis
1997 1186 2259 1267 ingenio
2322 1202 2439 1250 seu
2488 1186 2707 1251 colore

315 1286 660 1369 quaesitis,
703 1289 856 1371 jure
925 1290 1034 1357 vel
1097 1288 1299 1372 facte,
1368 1290 1623 1357 directe
1686 1288 1795 1356 vel
1858 1289 2204 1370 indirecte,
2271 1288 2532 1371 publice
2600 1290 2707 1356 vel

311 1390 610 1473 occulte3
662 1392 1130 1460 renuntiantes
1193 1412 1511 1476 expresse
1556 1413 1676 1476 pro
1735 1394 1944 1477 nobiS,
2006 1392 2367 1461 heredibus
2430 1402 2502 1458 et
2563 1412 2708 1461 suc-

312 1496 694 1562 cessoribus
741 1497 990 1565 nostris
1035 1498 1104 1562 in
1149 1507 1546 1580 perpetuum
1589 1499 1766 1564 omni
1822 1498 1977 1579 juri,
2026 1497 2197 1581 juris
2256 1496 2525 1579 actioni,
2584 1498 2700 1564 im·

312 1599 587 1682 petioni,
619 1602 996 1680 quaestioni
1027 1620 1145 1667 seu
1173 1602 1372 1667 titulo
1403 1602 1596 1668 nobis
1627 1602 1698 1667 in
1731 1600 2097 1683 praedictis
2128 1600 2369 1683 oppido
2403 1602 2710 1684 BernaW,

311 1702 520 1791 vinis,
558 1704 748 1771 bonis
808 1712 880 1770 et
941 1705 1370 1787 pertinentiis
1437 1707 1692 1787 pridem
1760 1713 1878 1771 aut
1945 1722 2117 1771 nunc
2176 1705 2705 1785 competentibus

309 1825 434 1873 seu
479 1809 940 1889 competituris
985 1809 1276 1889 inantea,
1331 1810 1485 1893 jure
1528 1810 1640 1875 vel
1684 1808 1881 1887 facto,
1929 1814 1999 1874 et
2044 1808 2219 1875 omni
2266 1826 2589 1875 canonum
2634 1816 2707 1874 et

309 1912 528 1994 legum
601 1911 870 1995 auxilio,
944 1912 1332 1997 privilegiiS,
1407 1913 1642 1995 literiS,
1733 1913 2029 1996 statutis,
2098 1911 2700 1995 reformationibuS,

307 2016 950 2097 praescriptionibus
998 2022 1070 2082 et
1112 2017 1380 2083 auxiliis
1414 2018 1948 2097 quibuscunque3
2000 2014 2465 2081 renuntiantes
2499 2014 2697 2081 etiam

307 2120 692 2201 exceptioni
737 2138 869 2185 non
914 2127 1327 2202 numeratae,
1372 2139 1505 2187 non
1551 2121 1811 2186 solutae
1858 2138 1978 2186 seu
2025 2126 2317 2203 pagatae
2362 2118 2701 2202 pecuniae,

309 2240 442 2289 non
485 2225 642 2291 boni
688 2243 808 2291 seu
853 2225 1088 2307 legalis
1135 2225 1284 2291 auri
1327 2225 1436 2291 vel
1479 2223 1766 2307 argenti,
1810 2228 1881 2289 et
1925 2223 2077 2290 aliis
2125 2223 2422 2289 omnibus
2456 2222 2699 2305 simpli-

309 2328 501 2411 citer,
546 2329 786 2409 quibus
835 2329 1018 2395 dicta
1063 2330 1347 2411 pecunia
1393 2330 1606 2395 denuo
1656 2329 1871 2410 repeti
1917 2328 2137 2410 possit
2180 2344 2299 2393 seu
2350 2329 2701 2407 quomodo-

311 2432 481 2500 libet
529 2433 874 2514 postulari.

521 2538 926 2605 Profitentes
971 2557 1314 2620 expresse,
1361 2539 1535 2618 quod
1581 2555 1807 2604 omnes
1853 2545 1925 2603 et
1971 2535 2270 2620 singulae
2333 2537 2572 2605 literae
2632 2543 2703 2603 et

315 2641 687 2725 privilegia,
733 2643 792 2708 si
837 2661 1004 2724 quas
1049 2649 1171 2708 aut
1201 2660 1374 2722 quae
1406 2643 1474 2707 in
1505 2642 1722 2708 lucem
1755 2641 2020 2723 prodire
2053 2641 2428 2724 contigerit,
2460 2640 2701 2721 quibus

313 2745 506 2812 nobis
552 2752 672 2812 aut
715 2748 1217 2814 successoribus
1262 2747 1518 2812 nostris
1572 2763 1693 2828 pro
1752 2744 2115 2812 antedictis
2181 2745 2439 2828 oppido,
2500 2745 2699 2828 villis,

311 2851 740 2930 pertinentiis
783 2851 1078 2934 monitio,
1137 2849 1480 2932 impeditio
1528 2867 1646 2916 seu
1692 2849 2055 2916 arrestatio
2117 2851 2443 2916 adversus
2505 2867 2698 2931 reges

311 2955 384 3020 B.
453 2961 684 3034 posset
748 2963 1144 3039 competere,
1235 2955 1480 3022 nullius
1549 2953 1799 3020 valoris
1867 2953 2164 3020 existant
2230 2953 2338 3020 vel
2407 2954 2697 3020 existere

309 3060 601 3126 debeant
645 3060 912 3142 penitus
959 3059 1068 3125 vel
1112 3059 1445 3126 momenti.

517 3180 597 3246 In
641 3199 914 3261 quorum
960 3181 1156 3247 fidem
1202 3186 1330 3246 etc.

517 3338 761 3404 Actum
809 3344 879 3404 et
926 3339 1153 3403 datum
1197 3337 1268 3405 in
1311 3337 1713 3403 monasterio
1762 3341 1831 3401 et
1878 3333 2169 3417 capitulo
2217 3339 2446 3400 nostro
2480 3334 2696 3400 Walt-

312 3459 547 3508 sassen
595 3442 899 3524 praefato
946 3462 1003 3509 a.
1048 3441 1128 3509 D.
1181 3447 1366 3524 1358,
1414 3441 1697 3524 septimo
1743 3440 1851 3506 die
1896 3440 2144 3505 mensis
2190 3438 2519 3506 Octobris

514 3599 635 3685 (A.
681 3598 776 3669 K.
821 3637 910 3648 —-
955 3597 1165 3662 Pelzel
1207 3599 1282 3666 K.
1329 3598 1495 3662 Karl
1538 3599 1582 3660 I
1589 3597 1652 3665 V.
1694 3620 1756 3663 n.
1804 3595 2025 3662 CCLX
2039 3595 2133 3680 V.)

508 3859 660 3928 437.
707 3855 1142 3946 Aequisitio
1188 3856 1431 3927 castri
1475 3839 1944 3926 Rabenstein
1990 3851 2358 3942 emptitia.

911 3999 1107 4081 1358,
1152 4001 1218 4066 9.
1266 3995 1644 4066 Octobris.
1694 3995 2083 4082 (Pragae.)

510 4151 752 4222 ulricus,
807 4151 1020 4220 Hynco,
1091 4148 1420 4204 Heinslinus
1477 4157 1536 4204 et
1592 4150 1760 4205 Smilo
1805 4149 2105 4218 Pflugones
2154 4150 2223 4204 de
2269 4147 2615 4205 Babenstein
2658 4163 2691 4200 a

305 4241 498 4297 Oarolo
535 4239 633 4295 IV.
669 4239 730 4293 in
765 4238 1011 4310 gratiam
1047 4237 1264 4304 recepti
1303 4238 1484 4292 eidem
1520 4251 1693 4305 atque
1730 4251 1903 4306 regno
1942 4237 2003 4290 B.
2042 4235 2385 4304 fidelitatem,
2414 4250 2607 4303 pacem
2634 4240 2693 4288 et

305 4327 776 4396 tranquillitatem
811 4331 1079 4394 perpetuo
1117 4334 1344 4379 servare
1381 4324 1737 4394 promittunt.

405 4452 554 4495 Codex
577 4451 659 4501 jur.
693 4448 797 4490 boh.
827 4447 880 4488 11.
921 4453 958 4488 1.
2415 4432 2485 4482 29
