3288 4973
1584 328 1975 389 *154—

792 536 941 601 141.
986 530 1234 601 Bolko
1280 531 1437 601 dux
1480 529 2237 620 Munsterburgensis
2285 528 2417 599 dat
2463 526 2744 599 Joanni
2787 526 2953 613 regi

585 638 663 705 et
692 636 856 706 suis
888 635 1462 707 successoribus
1494 636 1796 724 plenam
1818 637 2272 724 potestatem
2295 632 2390 704 ad
2413 630 2950 702 exsolvendum

585 741 923 810 castrum
967 758 1133 809 cum
1180 739 1498 811 civitate
1543 738 2225 812 Richenbachensi.

1415 899 1607 983 1337,
1653 900 1718 967 8.
1762 898 1810 967 J
1815 896 2137 967 aunarii.

790 1051 917 1106 List
976 1054 1227 1109 Bolkuov
1293 1054 1555 1111 kniezete
1626 1055 1936 1123 slezskeho‚
2009 1058 2075 1109 ze
2147 1055 2342 1109 zamek
2398 1054 2552 1121 svuoj
2611 1051 2960 1120 Rychmbach

580 1138 601 1191 i
638 1154 664 1191 s
700 1141 931 1193 meatem
967 1138 1109 1195 davd
1164 1141 1309 1196 krali
1356 1141 1573 1209 Janovi,
1626 1142 1885 1197 coskemu
1932 1140 2091 1209 krali,
2141 1156 2212 1209 po
2261 1140 2420 1195 smrti
2455 1140 2571 1209 sve,
2612 1138 2840 1207 jestlize
2889 1138 2961 1205 by

582 1222 682 1279 bez
720 1224 991 1282 dedicuov
1028 1227 1152 1282 ssel.
1196 1231 1345 1284 1337.
1380 1229 1475 1298 (A.
1514 1228 1618 1297 K.)

793 1367 931 1435 Nos
977 1368 1207 1450 Bolk0,
1253 1369 1333 1434 D.
1379 1390 1472 1452 gr.
1519 1372 1656 1437 dux
1699 1368 1962 1435 Sleziae
2023 1377 2092 1434 et
2155 1366 2455 1434 dominus
2518 1368 2597 1432 de
2657 1363 2962 1433 Furstin-

576 1474 738 1555 berg
782 1479 852 1538 et
899 1475 980 1541 de
1048 1472 1525 1557 Munstirberg‚
1584 1476 1816 1539 damus
1877 1478 1947 1539 et
2003 1472 2422 1539 concedimus
2483 1468 2828 1555 magnifico
2891 1476 2966 1533 et

574 1577 932 1643 excellenti
975 1574 1279 1659 principi,
1324 1578 1586 1643 domino
1633 1583 1862 1644 nostro
1908 1577 2269 1661 carissimo,
2316 1579 2376 1642 d.
2415 1576 2461 1642 J
2462 1574 2680 1656 oanni,
2709 1572 2850 1655 regi
2881 1573 2963 1637 B.

573 1699 653 1747 ac
702 1679 927 1747 comiti
972 1682 1065 1765 L.,
1112 1686 1407 1747 castrum
1464 1686 1766 1749 nostrum
1811 1687 1881 1748 et
1928 1680 2274 1750 civitatem
2332 1678 2748 1747 Richinbach
2809 1694 2963 1743 cum

573 1784 885 1851 districtu
947 1790 1017 1851 et
1079 1785 1231 1852 aliis
1293 1786 1593 1852 omnibus
1658 1791 1728 1853 et
1787 1786 2066 1870 singulis
2129 1784 2451 1867 dominiis,
2511 1782 2964 1864 libertatibuS‚

572 1887 998 1969 pertinentiis
1046 1890 1185 1956 suis
1232 1896 1302 1955 et
1348 1890 1631 1974 juribuS,
1679 1908 1718 1955 a
1759 1890 2206 1957 serenissimis
2239 1888 2668 1971 principibus,
2697 1884 2963 1969 patruis

572 1992 837 2075 nostris,
884 1994 1173 2061 Bolcone
1220 2000 1291 2061 et
1334 1994 1654 2061 Heinrico
1703 1995 1978 2062 ducibus
2033 1992 2658 2074 Swidniczensibus,
2717 1990 2963 2072 quibus

569 2097 861 2179 obligata
906 2097 1201 2181 pignoris
1248 2098 1444 2164 titulo
1478 2100 1796 2184 existunt,
1828 2116 1945 2181 pro
1980 2101 2235 2167 duobus
2265 2097 2554 2163 millibus
2585 2112 2960 2161 marcarum

568 2219 943 2282 grossorum
1020 2204 1443 2270 denariorum
1520 2202 1956 2285 Pragensium
2030 2202 2423 2286 polonicalis
2500 2198 2809 2283 ponderis
2882 2204 2962 2264 et

566 2305 838 2389 numeri,
928 2307 1315 2374 exsolvendi
1400 2312 1472 2373 et
1560 2308 1928 2374 redimendi
2018 2309 2276 2389 plenam
2367 2312 2438 2372 et
2518 2304 2955 2372 omnimodam

568 2414 992 2491 potestatem.
1080 2410 1419 2496 Volentes,
1510 2418 1585 2479 ut
1675 2413 1844 2479 idem
1923 2414 1981 2478 d.
2056 2431 2174 2478 rex
2255 2430 2404 2479 cum
2478 2411 2615 2477 suis
2691 2428 2954 2476 succes-

564 2515 843 2598 sufibus,
916 2515 990 2581 B.
1053 2517 1342 2601 regibus,
1418 2524 1714 2585 castrum
1783 2523 1852 2582 et
1913 2517 2256 2585 civitatem
2321 2517 2736 2584 Richinbach
2803 2533 2954 2580 cum

561 2619 701 2684 suis
745 2619 1112 2700 praedictis
1160 2621 1459 2689 omnibus
1504 2622 1938 2704 appendiciis,
1985 2623 2044 2688 si
2091 2641 2211 2690 nos
2253 2629 2324 2688 et
2355 2622 2636 2688 heredes
2667 2623 2952 2702 nostroS‚

559 2721 878 2805 legitimis
954 2725 1312 2792 heredibus
1388 2745 1519 2793 non
1593 2727 1868 2812 relictis,
1937 2730 2020 2794 de
2085 2728 2212 2793 hac
2270 2727 2418 2793 luce
2481 2725 2682 2810 (quod
2737 2721 2948 2806 absit)

560 2827 847 2910 migrare
923 2831 1295 2913 contigerit,
1370 2832 1563 2913 pleno
1647 2833 1801 2916 jure
1877 2839 1947 2898 et
2037 2831 2322 2898 dominio
2413 2827 2804 2912 possideant
2877 2835 2950 2893 et-

562 2931 854 2999 habeant
943 2935 1286 3016 perpetuis
1376 2938 1800 3019 temporibus,
1892 2937 2021 3004 Sed
2116 2935 2498 3019 praemissis
2572 2933 2948 2999 nullomodo

556 3037 999 3122 obstantibus,
1067 3041 1590 3121 quandocunque
1659 3043 1860 3126 dicta,
1928 3047 2222 3108 castrum
2267 3046 2336 3107 et
2390 3040 2753 3120 civitatem,
2801 3057 2948 3104 cum

556 3140 707 3207 aliis
767 3140 1057 3224 ipsorum
1119 3145 1551 3229 appendiciis,
1612 3167 1653 3212 a
1711 3147 1890 3213 dicto
1951 3149 2010 3212 d.
2072 3165 2229 3227 rege
2276 3145 2343 3211 in
2390 3143 2590 3214 dictis
2638 3132 2941 3224 pecuniis

556 3264 675 3312 nos
740 3248 849 3314 vel
925 3250 1203 3314 heredes
1278 3251 1491 3318 nostri
1568 3252 2079 3319 exsolverimus:
2157 3256 2403 3317 extunc
2478 3249 2622 3332 ipse
2696 3249 2755 3314 d.
2824 3265 2942 3313 rex

552 3355 622 3416 et
682 3369 840 3417 suus
908 3351 1321 3437 capitaneus
1388 3373 1579 3435 quem
1647 3355 1892 3422 ibidem
1960 3355 2378 3439 praefecerit,
2447 3354 2674 3421 statim
2749 3353 2939 3418 nobis

554 3456 659 3520 vel
721 3457 969 3522 nostris
1032 3458 1389 3525 heredibus
1465 3461 1549 3526 de
1625 3461 1803 3526 dicto
1882 3467 2105 3527 castro
2169 3469 2238 3527 et
2301 3461 2578 3528 civitate
2641 3477 2722 3525 ac
2785 3457 2938 3524 aliis

548 3559 848 3628 omnibus
897 3561 1260 3643 praedictis
1290 3571 1359 3629 et
1392 3563 1665 3646 singulis
1715 3565 1851 3630 suis
1897 3565 2325 3649 pertinentiis
2373 3567 2516 3631 sine
2564 3563 2737 3630 omni
2785 3562 2931 3629 dolo

549 3669 619 3730 et
686 3667 938 3746 absque
1006 3667 1404 3734 difficultate
1466 3676 1536 3735 et
1595 3671 2124 3738 contradictione
2187 3670 2484 3752 qualibet
2555 3670 2794 3734 cedere
2863 3675 2932 3732 et

548 3770 1081 3836 condescendere
1128 3776 1549 3840 tenebuntur.

754 3875 1008 3940 Harum
1054 3881 1181 3942 etc.

753 4031 989 4098 Actum
1036 4033 1513 4101 Wratislaviae
1569 4055 1625 4102 a.
1673 4037 1752 4101 D.
1816 4043 2000 4121 1337,
2058 4036 2230 4103 feria
2292 4037 2406 4104 IV.
2470 4043 2620 4118 post
2683 4035 2922 4101 festum

544 4135 941 4216 epiphaniae
992 4137 1258 4204 Domini
1305 4139 1619 4220 proxima.

748 4290 869 4377 (Α.
916 4291 1010 4362 Κ.
1063 4303 1139 4342 -·-
1190 4293 1569 4370 <zv-namt.
1616 4298 1764 4367 488.
1799 4337 1889 4348 -
1931 4297 2095 4370 Eme.
2140 4299 2254 4370 JV.
2299 4297 2476 4381 377.)

3191 2280 3194 2341 ἶ

3193 2372 3196 2425 ῐ

3195 2466 3198 2532 ῐ
