3288 4973
1310 377 1698 439 —133—

308 581 681 666 contigeret
767 581 948 646 inter
1020 577 1355 660 principes
1431 579 1623 648 nobis
1705 578 2040 646 subiectos
2115 583 2225 648 vel
2291 585 2694 666 ‘capitaneos

312 691 574 753 nostros
620 703 703 752 ex
746 702 877 751 vna
922 689 1135 765 parte,
1180 701 1437 752 necnon
1486 684 1838 770 principes,
1885 683 2184 753 feudales
2231 692 2302 752 et
2361 689 2696 756 subiectos

314 789 853 857 excellentissimi
898 787 1143 855 domini
1198 787 1246 853 J
1248 787 1527 855 ohannis
1584 790 1766 873 regis
1813 789 2124 858 Boemiae
2176 790 2424 860 limites
2479 795 2694 860 nostri

312 895 495 978 regni
568 893 991 976 attingentes
1056 891 1163 958 vel
1222 891 1392 959 alios
1454 892 1790 961 subiectos
1851 892 2061 977 ipsius
2121 897 2388 962 eosdem
2444 895 2691 965 limites

312 999 773 1082 contingentes
837 1001 1031 1079 parte
1107 1015 1189 1062 ex
1257 997 1491 1080 altera,
1560 1002 1629 1064 et
1695 998 1777 1063 ob
1849 998 1972 1064 hoc
2037 998 2350 1066 hincinde
2418 1003 2702 1084 dampna

316 1104 537 1184 aliqua
596 1101 990 1185 perpetrari,
1048 1105 1323 1182 propter
1368 1101 1493 1167 hoc
1554 1101 1740 1184 pacis
1787 1101 1942 1168 unio
1988 1101 2168 1169 inter
2211 1122 2332 1170 nos
2379 1110 2448 1170 et
2490 1106 2702 1188 ipsum

311 1228 527 1293 regem
577 1206 937 1274 Bohemiae
982 1205 1293 1273 ordinata
1338 1223 1469 1272 non
1516 1207 1720 1272 debet
1765 1205 2148 1286 aliqualiter
2191 1206 2449 1292 violari,
2480 1211 2598 1277 sed
2633 1209 2700 1276 in

310 1332 421 1380 suo
466 1313 710 1378 robore
742 1311 1020 1377 firmiter
1058 1311 1441 1392 perdurare.
1472 1309 1866 1377 Discordiae
1898 1316 2122 1377 autem
2153 1311 2435 1380 materia
2467 1314 2698 1381 taliter

312 1417 609 1484 excitata
654 1432 775 1495 per
819 1414 1209 1495 capitaneos
1256 1423 1391 1479 tam
1440 1431 1561 1494 per
1606 1431 1726 1480 nos
1775 1432 1969 1494 quam
2013 1434 2135 1497 per
2188 1415 2406 1497 ipsum
2471 1436 2696 1500 regem

312 1521 620 1588 Boemiae
653 1519 1067 1602 deputandos
1099 1517 1243 1584 sine
1278 1517 1894 1599 procrastinacione
1925 1517 2220 1598 qualibet
2251 1523 2452 1602 prout
2496 1521 2697 1588 ratio·

310 1625 524 1692 nabile
600 1615 842 1704 fuerit<
900 1621 1266 1705 dirimatur,
1340 1621 1520 1688 sicut
1600 1627 1896 1689 nostram
1977 1622 2262 1705 gratiam
2337 1627 2698 1692 observare

314 1727 585 1810 cupiunt
628 1733 701 1792 et
744 1725 1241 1793 diminutionem
1284 1725 1551 1791 honoris
1597 1723 1850 1807 proprii
1895 1725 2174 1793 evitare.

514 1830 632 1898 Sin
656 1835 881 1897 autem
905 1831 989 1896 de
1011 1847 1215 1912 regno
1238 1833 1468 1895 nostro
1496 1833 1743 1896 terram
1766 1828 2046 1896 alicuius
2068 1829 2389 1913 principis
2409 1833 2700 1914 praefati

320 1934 555 2002 domini
571 1933 749 2017 regis
766 1933 1076 2000 Boemiae
1094 1933 1383 2000 subiecti
1395 1951 1517 2014 per
1532 1931 1788 2013 aliquos
1805 1932 1993 1999 nobis
2011 1933 2701 2018 subiectoS,habentes

320 2037 647 2106 fortalicia
691 2043 811 2105 aut
854 2040 1081 2104 castra
1126 2037 1237 2104 vel
1266 2055 1417 2121 non,
1458 2037 1686 2117 aliqua
1715 2035 1930 2119 spolia
1963 2037 2266 2105 conmitti
2297 2041 2704 2124 contigeret:

321 2163 459 2210 mox
501 2143 614 2209 ille
661 2141 970 2224 princeps
1018 2145 1138 2207 aut
1183 2141 1596 2224 capitaneus,
1638 2144 1761 2208 sub
1800 2140 1988 2208 cuius
2020 2141 2502 2211 'iurisdiccione
2535 2146 2700 2212 talia

324 2247 812 2328 conmittuntur,
858 2262 1060 2328 super
1106 2263 1183 2312 eo
1232 2244 1613 2329 requisitus,
1671 2247 1901 2312 eadem
1961 2247 2171 2330 spolia
2229 2248 2700 2316 conmittentes

323 2353 402 2417 ad
430 2349 954 2418 satisfactionem
986 2368 1343 2432 congruam
1374 2350 1752 2432 conpellere
1784 2355 2114 2417 teneatur.
2165 2351 2358 2437 Quod
2386 2351 2446 2418 si
2477 2353 2696 2434 requi-

326 2455 485 2524 situs
528 2455 904 2540 conpellere
954 2455 1139 2537 ipsos
1186 2474 1317 2522 non
1363 2459 1655 2538 curaret,
1709 2457 1794 2522 ad
1839 2456 1962 2523 hoc
2019 2457 2304 2539 ipsemet
2358 2457 2444 2523 ad
2505 2457 2702 2525 satis·

325 2560 675 2628 faccionem
706 2559 1077 2627 huiusmodi
1110 2564 1442 2643 teneatur,
1484 2564 1834 2642 postquam
1880 2560 2085 2627 fuerit
2129 2580 2246 2627 suo
2293 2561 2436 2643 regi
2484 2563 2701 2641 queri-

328 2665 690 2732 monialiter
708 2663 1099 2731 nominatus.
1132 2662 1205 2730 Si
1228 2682 1391 2731 uero
1423 2663 1660 2730 taliter
1691 2665 1905 2746 spolia
1937 2664 2409 2731 conmittentes
2444 2665 2703 2733 domino

331 2786 439 2834 suo
480 2770 829 2853 temporali
876 2770 1021 2837 sive
1067 2769 1227 2835 duci
1266 2773 1382 2836 aut
1426 2768 1776 2850 capitaneo
1825 2770 1930 2835 vel
1977 2769 2286 2852 episcopo
2336 2770 2700 2851 temporale

335 2873 669 2942 dominium
713 2874 990 2941 habenti
1034 2873 1103 2941 in
1148 2874 1270 2939 hoc
1316 2873 1481 2955 ipsis
1526 2872 1992 2941 inobedientes
2055 2873 2426 2940 existerent
2485 2878 2557 2941 et
2617 2876 2703 2941 ad

336 2980 687 3045 mandatum
732 2979 1023 3061 ipsorum
1070 2979 1152 3043 de
1200 2978 1411 3060 spolio
1458 2996 1499 3043 a
1544 2996 1617 3044 se
1674 2979 1996 3046 conmisso
2057 2977 2455 3044 satisfacere
2514 2996 2702 3044 recu·

334 3087 571 3149 serent:
602 3101 752 3149 mox
797 3082 1007 3163 ipsius
1057 3083 1355 3150 dominus
1400 3081 1808 3166 temporalis,
1857 3084 1978 3148 sub
2027 3100 2152 3163 quo
2199 3088 2445 3164 castra,
2490 3081 2698 3147 forta-

334 3182 473 3251 licia
512 3191 628 3253 aut
672 3187 1129 3269 possessiones
1174 3188 1536 3271 habebunt,
1582 3187 1879 3270 ipsorum
1924 3191 2169 3269 castra,
2215 3184 2550 3253 fortalicia
2586 3193 2704 3253 aut

339 3292 765 3368 possessiones
827 3292 1080 3359 vallare
1127 3296 1197 3358 et
1249 3310 1633 3374 expugnare
1695 3295 2122 3359 tenebuntur.
2177 3291 2270 3355 Et
2333 3289 2392 3357 si
2451 3309 2570 3372 per
2625 3309 2698 3356 se

340 3392 499 3473 ipsos
540 3396 622 3461 ad
668 3391 739 3462 id
785 3394 1093 3463 sufficere
1139 3414 1269 3461 non
1315 3396 1624 3461 valerent
1671 3396 1784 3481 hij,
1831 3395 1900 3461 in
1933 3413 2210 3475 quorum
2253 3393 2456 3459 terris
2489 3396 2705 3477 spolia

344 3503 480 3563 sunt
495 3499 837 3583 conmissa,
852 3501 1035 3582 ipsos
1058 3502 1140 3568 ad
1168 3502 1398 3567 eadem
1418 3501 1878 3583 expugnanda,
1897 3503 2095 3581 prout
2116 3498 2345 3563 melius
2371 3503 2707 3582 poterunt,

344 3600 748 3687 adiuuabunt,
764 3604 1063 3671 adhibito
1081 3605 1166 3670 ad
1186 3604 1311 3670 hoc
1328 3604 1527 3671 etiam
1548 3621 1778 3687 regum
1797 3602 2149 3684 adiutori0,
2175 3599 2232 3667 si
2247 3600 2454 3668 fuerit
2473 3620 2705 3684 oppor-

347 3710 563 3775 tunum.
631 3707 884 3793 Quibus
938 3710 1181 3775 castris
1228 3713 1344 3775 aut
1387 3706 1740 3774 fortaliciis
1788 3706 2138 3787 acquisitis
2187 3710 2258 3771 et
2303 3706 2701 3789 expugnatis

352 3811 587 3887 penitus
647 3813 1104 3897 destruantur,
1163 3810 1296 3879 nisi
1359 3811 1524 3879 talia
1570 3816 1796 3879 castra
1844 3816 1960 3876 aut
2004 3808 2338 3877 fortalicia
2383 3813 2710 3875 terrarum

345 3914 598 3981 confinia
633 3916 1081 3999 contigerent3
1124 3922 1286 3983 tunc
1332 3916 1505 3983 enim
1552 3915 1960 3982 dominorum
2005 3912 2470 3996 temporalium
2528 3914 2706 3981 arbi-

350 4016 462 4083 trio
482 4020 905 4105 relinquatur,
950 4040 1038 4088 an
1068 4022 1278 4104 magis
1310 4022 1459 4105 ipsa
1493 4020 1752 4086 destrui
1784 4020 2000 4088 velint
2035 4023 2151 4085 ant
2197 4018 2426 4100 pocius
2471 4018 2713 4085 locatis

351 4118 415 4184 in
450 4121 598 4205 ipsis
643 4126 1015 4194 hominibus
1061 4126 1357 4210 pacificis
1404 4144 1487 4193 ea
1531 4145 1654 4208 pro
1699 4145 1771 4192 se
1819 4129 1889 4191 et
1937 4130 2270 4190 terrarum
2327 4121 2711 4189 defensione

352 4240 607 4311 seruare,
626 4248 706 4296 ac
727 4232 1187 4313 possessiones
1203 4237 1275 4298 et
1289 4235 1462 4298 bona
1486 4233 1840 4297 eorundem
1859 4227 2293 4310 spoliatorum
2311 4229 2397 4292 ad
2417 4228 2715 4293 dominos

350 4331 736 4422 temporales,
767 4336 836 4403 in
874 4355 1149 4417 quorum
1180 4338 1383 4404 terris
1418 4334 1819 4416 consistunt,
1854 4333 2063 4400 libere
2096 4336 2542 4399 reuertantur.
