3288 4973
1498 315 1889 391 7-400—

502 514 798 581 volumus
846 515 1203 597 appellari3
1251 526 1605 583 reservata
1666 518 2090 587 nihilominus
2145 518 2356 599 nobie,
2403 518 2766 583 heredibus
2815 530 2885 583 et

496 620 997 685 successoribus
1035 622 1303 705 nostris,
1346 624 1417 689 Β.
1456 623 1748 706 regibus,
1790 622 2116 689 facultate
2162 628 2233 688 et
2273 628 2612 703 potestate
2653 623 2885 705 libera,

499 740 924 805 quoscunque
949 724 1246 793 homines
1272 727 1353 793 de
1382 728 1601 810 terriS,
1632 727 2128 810 munitionibuS‚
2161 726 2324 792 locis
2359 732 2428 791 et
2461 724 2886 793 districtibus

501 828 751 894 nostris
798 830 1182 912 praedictis,
1230 833 1381 897 dum
1430 837 1501 897 et
1545 832 1852 912 quotiens
1885 831 2076 897 nobis
2108 830 2458 913 placuerit,
2487 848 2886 911 quacunque

496 932 759 999 ratione
807 953 926 1001 seu
973 935 1174 1001 etiam
1218 936 1630 1003 liberalitate
1691 934 1974 1018 arbitrii,
2019 937 2105 1001 ad
2151 935 2366 1002 nostri
2429 935 2886 1017 praesentiam

498 1055 781 1104 evocare
828 1056 946 1105 seu
994 1058 1115 1121 per
1136 1038 1401 1120 judices
1434 1048 1702 1107 nostros
1735 1040 1963 1123 citare,
1997 1037 2405 1106 constituere
2437 1046 2508 1105 et
2538 1038 2609 1104 in
2631 1040 2888 1124 judicio

496 1143 621 1209 tali
686 1144 884 1228 juxta
958 1162 1202 1209 morem
1278 1145 1658 1229 procedere,
1732 1146 1909 1211 sicut
1977 1144 2165 1225 regni
2234 1144 2544 1211 Boemiae
2605 1142 2891 1224 antiqua

498 1254 569 1316 et
612 1249 855 1314 dudum
902 1252 1263 1315 observata
1308 1256 1497 1315 tenet
1544 1256 1615 1315 et
1659 1250 1879 1316 tenuit
1910 1250 2336 1316 cousuetudo.
2369 1248 2631 1329 Siquid
2661 1256 2890 1315 autem

496 1355 821 1421 adversus
855 1353 1200 1435 praedicta
1230 1371 1351 1419 seu
1382 1354 1667 1419 alterum
1697 1353 1989 1435 ipsorum
2019 1354 2090 1419 in
2129 1358 2580 1434 contemptum
2609 1352 2892 1434 Imperi-

496 1457 623 1526 alis
670 1456 884 1524 nostri
931 1458 1185 1523 decreti
1231 1459 1426 1524 fieret
1470 1476 1591 1538 per
1637 1476 2109 1539 quemcunque,
2140 1457 2210 1521 in
2246 1475 2640 1538 quacunque
2673 1456 2892 1540 digni-

496 1569 660 1645 tate,
681 1564 930 1629 honore
950 1562 1061 1628 vel
1084 1566 1271 1628 statu
1295 1568 1690 1644 manentem,
1710 1581 1830 1628 nos
1855 1562 2074 1629 omnia
2100 1570 2170 1628 et
2191 1561 2454 1644 singula
2475 1567 2896 1645 attemptata

497 1688 615 1735 seu
662 1669 1145 1749 attemptanda,
1189 1684 1596 1747 quocumque
1642 1668 1832 1732 modo
1865 1684 1984 1732 seu
2015 1667 2587 1747 qualitercumque
2627 1666 2894 1747 fierent,

496 1774 929 1855 annullamus,
969 1789 1326 1852 cassamus
1350 1771 1760 1837 destruimus
1792 1778 1862 1837 et
1893 1772 2302 1838 auctoritate
2325 1770 2665 1852 Imperiali
2695 1788 2777 1836 ac
2803 1773 2892 1836 de

500 1885 689 1945 certa
714 1884 945 1944 nostra
977 1877 1279 1959 scientia,
1309 1876 1566 1942 viribus
1599 1894 1959 1941 vacuamus
1993 1882 2064 1941 et
2096 1894 2214 1957 pro
2247 1892 2376 1941 non
2407 1874 2606 1941 factis
2653 1875 2895 1941 haberi

495 1982 944 2062 decernimus;
990 1998 1203 2063 neque
1249 1999 1332 2046 ex
1378 1980 1483 2047 his
1530 1980 1819 2061 aliquem
1866 1982 1950 2046 ad
1998 1980 2554 2062 observationem,
2593 1980 2894 2046 satisda-

495 2089 743 2154 tionem
812 2104 929 2153 seu
973 2087 1412 2167 quodcunque
1458 2085 1638 2151 aliud
1687 2078 2177 2164 quomodolibet
2237 2084 2538 2151 volumus
2586 2084 2896 2163 obligari.

707 2192 776 2259 Si
822 2192 971 2272 quis
1004 2209 1163 2256 vero
1198 2190 1263 2255 in
1298 2196 1480 2255 terra
1512 2194 1746 2254 nostra
1782 2188 2127 2271 praedicta
2161 2187 2593 2254 residentiam
2623 2187 2894 2253 faciens
2959 2254 2966 2265 ,

498 2305 616 2367 aut
684 2301 876 2380 bona,
943 2314 1051 2362 res
1121 2301 1189 2361 et
1250 2294 1708 2377 possessiones
1775 2293 2047 2373 habenS,
2115 2292 2362 2359 ibidem
2422 2309 2496 2357 se
2555 2293 2624 2357 in
2693 2311 2896 2375 prae-

490 2404 809 2489 judicium
856 2401 1068 2467 nostri
1116 2398 1386 2467 dominii
1440 2401 1523 2463 ad
1586 2397 1810 2463 aliena
1863 2396 2116 2478 ‚iudicia
2176 2395 2481 2479 traxerit,
2543 2413 2664 2461 seu
2723 2395 2900 2465 alibi

492 2509 795 2576 residens
842 2509 926 2573 de
972 2504 1502 2589 possessionibus
1565 2502 1706 2568 suis
1762 2502 1914 2568 sitis
1974 2501 2044 2566 iu
2091 2500 2270 2567 dicto
2317 2509 2545 2566 nostro
2594 2501 2893 2568 dominio

496 2616 618 2682 sub
666 2612 944 2679 alterius
998 2611 1449 2692 cujuscunque
1506 2607 1754 2693 judicio
1815 2607 2085 2672 duxerit
2145 2607 2701 2686 respondendum,
2767 2613 2900 2672 aut

496 2719 557 2784 si
588 2718 737 2798 quis
768 2733 1053 2798 persona
1085 2717 1167 2780 de
1192 2717 1391 2780 rebus
1424 2717 1508 2778 ad
1541 2714 1793 2778 dictum
1824 2710 2180 2777 dominium
2210 2715 2508 2776 nostrum
2534 2710 2894 2791 pertinens

494 2828 615 2888 aut
658 2838 789 2888 non
836 2819 1199 2902 pertinens,
1246 2817 1544 2883 homines
1592 2823 1858 2882 nostros
1890 2815 1976 2879 ad
2003 2814 2223 2880 aliena
2247 2813 2500 2898 judicia
2530 2811 2900 2879 citaverit:

496 2926 911 2993 decernimus
960 2930 1030 2990 et
1072 2923 1198 2988 hoc
1242 2921 1582 3004 Imperiali
1630 2929 1951 3002 perpetuo
2015 2919 2350 2986 sancimus
2405 2917 2645 2998 edict0,
2711 2921 2900 2998 quod

498 3030 855 3096 citationes
923 3026 1291 3112 hujusmodi
1336 3035 1407 3091 et
1454 3025 1567 3106 qui
1626 3043 1699 3089 se
1761 3022 2138 3089 voluntarie
2200 3021 2397 3088 citari
2461 3020 2899 3106 sustinuerit,

498 3153 624 3202 nec
668 3153 799 3200 non
846 3137 1281 3215 protectores
1320 3130 1583 3215 judices
1629 3136 1701 3194 et
1747 3126 2091 3208 causidici,
2151 3125 2265 3207 qui
2327 3143 2400 3192 se
2463 3127 2588 3192 sub
2651 3127 2904 3212 colore,

500 3258 693 3321 quem
736 3238 835 3303 illi
880 3236 1194 3316 homineS,
1239 3235 1352 3315 qui
1398 3233 1825 3299 mundleuthe
1872 3232 2182 3296 dicuntur
2228 3229 2618 3312 vulgariter,
2667 3232 2900 3300 solent

500 3343 963 3426 praetendere,
1041 3338 1321 3406 alterius
1388 3337 1840 3421 cujuscunque
1928 3333 2331 3417 protectioni
2416 3334 2902 3420 commiserint,

500 3465 621 3514 seu
681 3447 794 3527 qui
848 3446 1021 3511 tales
1080 3445 1147 3511 in
1210 3443 1690 3528 protectionem
1750 3439 2147 3522 receperint,
2209 3445 2281 3503 et
2334 3437 2616 3520 quilibet
2663 3455 2902 3507 eorum

499 3551 809 3634 specifice
854 3558 923 3614 et
968 3547 1397 3631 singulariter
1445 3546 1894 3626 quadraginta
1927 3549 2232 3608 marchas
2264 3541 2416 3623 puri
2447 3540 2596 3606 auri
2627 3545 2904 3610 nomine

497 3674 753 3738 poenae
801 3661 1167 3737 componat,
1216 3655 1300 3719 ab
1335 3652 1583 3718 eisdem
1618 3655 1689 3716 et
1720 3666 1945 3714 eorum
1979 3646 2295 3726 quolibet,
2329 3645 2589 3726 quoties
2624 3655 2908 3716 contra-

498 3760 745 3827 factum
788 3759 1013 3841 fuerit,
1058 3756 1612 3825 irremissibiliter
1657 3753 2040 3837 exigendas,
2087 3767 2251 3830 quas
2299 3767 2528 3833 regum
2575 3758 2647 3816 et
2703 3771 2904 3833 prae·

498 3863 663 3930 dicti
708 3864 897 3947 regni
942 3862 1155 3930 nostri
1187 3860 1500 3927 Boemiae
1537 3860 1768 3927 usibus
1801 3857 2220 3932 decernimus
2250 3854 2712 3936 applicandas
2745 3857 2908 3925 Non

497 3971 921 4035 obstantibus
969 3967 1473 4048 quibuscunque
1521 3962 1911 4046 privilegiis,
1957 3961 2208 4027 litteris
2259 3961 2343 4026 ab
2375 3959 2666 4042 Imperio
2701 3979 2908 4028 sacro

500 4091 619 4138 seu
665 4074 931 4139 aliunde
976 4072 1292 4152 obtentis,
1338 4069 1789 4150 libertatibus,
1835 4065 2365 4148 exemptionibus
2427 4063 2538 4130 vel
2595 4063 2906 4150 indultis

500 4178 793 4258 statutiS,
842 4175 1422 4243 reformationibus
1468 4179 1539 4241 et
1578 4174 1844 4258 juribus
1877 4170 2344 4254 communibuS,
2374 4169 2902 4250 municipalibus

498 4299 615 4346 seu
662 4280 966 4364 privatiS,
1011 4281 1211 4346 editis
1266 4297 1383 4345 seu
1444 4277 1722 4345 edendis
1786 4277 1854 4342 in
1925 4281 2283 4356 posterum,
2347 4271 2778 4354 loquentibus
2825 4275 2902 4342 in
