3288 4973
2613 6 2627 33 4
2645 6 3031 52 ··-····“ῑᾞ--
3052 19 3061 28 -

1552 386 1948 448 ..204-..

546 588 760 655 fratre
807 590 1069 656 ’uterino
1115 594 1301 657 stare
1348 594 1419 655 et
1462 580 1609 657 eum
1657 589 1980 656 adiuvare
2029 589 2398 657 tenebimur
2431 596 2499 655 et
2533 591 2920 671 spondemus

546 698 691 760 toto
739 693 975 762 virium
1022 700 1397 761 nostrarum
1446 694 1728 761 omnium
1777 700 2146 777 potentatu.

755 798 834 863 In
880 817 1155 880 quornm
1202 804 1327 866 ete.

752 906 991 970 Actum
1040 906 1299 987 Pragae
1345 903 1812 987 praesentibus
1847 906 2136 971 testibus
2167 956 2179 969 .
2214 956 2227 970 .
2260 955 2272 970 .
2307 926 2362 970 a.
2395 904 2473 969 D.
2515 909 2697 986 1341,
2729 904 2798 969 in
2827 902 2925 971 die

552 1008 1025 1090 Margarethae
1074 1008 1238 1093 virg,

754 1110 966 1199 (Oriq.
1018 1134 1065 1182 c,
1110 1134 1165 1181 r,
1212 1112 1383 1180 arch.
1429 1112 1558 1181 aul.
1618 1112 1800 1179 Vind.
1842 1148 1930 1161 -
1977 1110 2196 1197 Chytil
2251 1110 2384 1175 VII.
2433 1112 2578 1177 334.
2613 1146 2691 1159 --
2727 1109 2932 1176 Emler

546 1217 657 1287 IV.
709 1216 888 1303 959.)
2745 1250 2756 1259 ·

756 1405 905 1469 184.
966 1390 1262 1469 Foedus
1326 1400 1529 1469 inter
1583 1400 2058 1469 Kazimirum.
2121 1398 2479 1469 l’oloniae
2540 1418 2802 1485 regem
2857 1400 2928 1465 et

551 1504 903 1574 (ful-olum
950 1503 1457 1575 marchionem
1505 1506 1597 1573 de
1642 1525 1842 1575 novo
1888 1504 2256 1574 firmatur.

1444 1630 1638 1710 1341,
1687 1628 1793 1696 13.
1843 1626 2063 1696 Julii.

759 1750 833 1813 In
879 1747 1140 1815 nomine
1188 1748 1430 1814 domini
1475 1749 1706 1815 Amen.
1752 1748 2123 1817 Laudabile
2186 1748 2329 1815 fore
2397 1749 2721 1830 probatur
2783 1766 2927 1829 per-

546 1852 827 1919 maxime
852 1859 922 1919 et
947 1854 1315 1937 honestum,
1339 1854 1451 1919 ubi
1477 1859 1636 1922 vota
1657 1853 2027 1935 principum
2047 1854 2134 1919 ad
2157 1853 2552 1919 concordiae
2571 1853 2932 1918 flectuntur

549 1957 873 2041 unionem,
922 1976 1041 2040 per
1087 1976 1278 2040 quam
1310 1976 1441 2040 pax
1471 1957 1773 2024 nutritur
1803 1963 1872 2023 et
1904 1958 2259 2024 commodis
2294 1956 2684 2038 providetur
2715 1956 2928 2021 subdi·

548 2066 781 2127 torum.
829 2062 1117 2129 Proinde
1160 2080 1279 2127 nos
1314 2061 1690 2128 Kazimirns
1723 2063 1802 2128 D.
1838 2082 1932 2145 gr.
1962 2081 2078 2127 rex
2113 2062 2446 2141 Poloniae,
2477 2059 2930 2127 indissolubile

549 2164 882 2233 vinculum
930 2166 1108 2232 inter
1166 2185 1286 2232 nos
1348 2172 1417 2231 et
1480 2166 1974 2233 serenissimum
2035 2166 2417 2249 prinoipem,
2479 2169 2539 2230 d.
2601 2165 2930 2243 Karolum,

546 2272 991 2337 marchionem
1038 2272 1384 2337 Moraviae
1430 2272 1777 2357 illustrem,
1823 2272 2101 2337 fratrem
2149 2277 2217 2337 et
2265 2270 2590 2337 sororium
2633 2274 2929 2335 nostrum

541 2374 970 2459 carissimum,
1008 2376 1351 2457 perpetuis
1383 2362 1774 2457 permanere
1814 2377 2223 2458 temporibus
2265 2382 2335 2443 et
2367 2381 2580 2457 ipsum
2613 2374 2682 2440 in
2715 2393 2925 2441 visce-

545 2479 727 2548 ribus
775 2484 1088 2564 gerentes
1137 2481 1445 2548 caritatis
1492 2501 1571 2548 ac
1618 2486 1760 2548 toto
1807 2489 2036 2548 nostro
2101 2481 2442 2548 conamine
2508 2480 2819 2563 prosequi
2866 2480 2932 2546 in

544 2586 843 2652 omnibus
892 2586 1258 2668 cupienteS‚
1303 2605 1433 2652 non
1483 2589 1813 2670 obstante,
1840 2590 2014 2668 quod
2047 2588 2338 2652 eiusdem
2373 2585 2617 2652 domini
2655 2585 2932 2652 marchi·

546 2690 691 2756 onis
722 2709 925 2768 soror,
959 2692 1219 2758 domina
1250 2693 1704 2776 Margaret-ha,
1737 2693 2078 2758 comitissa
2111 2691 2412 2772 palatina
2442 2691 2631 2773 Reni,
2663 2689 2932 2756 ducissa

546 2795 881 2861 Bai-'ariae
927 2795 968 2859 f.
1017 2816 1082 2876 r.‚
1130 2815 1299 2876 quae
1348 2797 1538 2863 nobis
1584 2796 2166 2862 matrimonialiter
2212 2794 2443 2861 debuit
2490 2794 2807 2877 copulari,
2843 2795 2932 2860 sit

548 2899 900 2966 uniuersae
948 2901 1167 2966 carnis
1214 2901 1391 2966 viam
1437 2901 1757 2984 ingressa,
1805 2907 1874 2966 et
1919 2919 2002 2967 ne
2048 2907 2323 2982 propt-er
2352 2900 2476 2965 hoc
2505 2897 2643 2982 liga
2674 2897 2932 2966 dilecti-

546 3001 689 3070 onis
736 3019 815 3068 ac
863 3004 1231 3070 amicabilis
1279 3005 1656 3070 coniunctio
1703 3005 2016 3070 videatur
2062 3009 2131 3071 et
2161 3003 2317 3069 fidei
2348 3002 2610 3085 puritas
2643 3001 2932 3086 disjungi

545 3105 723 3173 inter
768 3125 888 3174 nos
938 3112 1006 3173 et
1052 3109 1344 3192 dissolui,
1390 3109 1515 3175 sibi
1563 3109 1778 3175 animo
1825 3109 2084 3192 ingenti
2117 3127 2196 3172 ac
2229 3107 2658 3174 desiderabili
2691 3125 2926 3189 perpe-

546 3219 834 3292 tuaeque
857 3212 1120 3277 unionis
1146 3211 1245 3278 sic
1274 3213 1526 3279 factae:
1555 3212 2002 3294 promittimus
2026 3216 2198 3279 bona
2225 3214 2352 3278 fide
2379 3217 2712 3292 tamquam
2736 3211 2934 3278 fratri

545 3317 824 3399 nterim,
890 3315 961 3380 in
1007 3317 1305 3382 omnibus
1353 3317 1667 3400 consiliis,
1713 3316 1996 3398 auxiliis,
2055 3316 2632 3400 placitacionibus,
2679 3323 2932 3383 tracta-

543 3419 721 3485 tibus
769 3419 1155 3502 adhaerere,
1205 3426 1273 3487 et-
1319 3422 1601 3489 maxime
1644 3423 1716 3487 in
1763 3420 2236 3488 contrahendis
2291 3420 2547 3486 amiciis
2595 3423 2928 3489 matrimo-

544 3522 850 3607 nialibuS‚
894 3542 1062 3604 quas
1094 3523 1276 3591 Deus
1310 3525 1499 3591 nobis
1534 3529 1872 3594 concedet.
1906 3526 2250 3608 faciendis,
2281 3527 2366 3592 de
2397 3529 2630 3591 nostra
2661 3527 2934 3610 propria

544 3645 830 3708 persona
860 3647 941 3694 ac
983 3647 1335 3710 puerorum
1366 3635 1739 3696 nostrorum
1773 3631 1984 3711 ipsum
2019 3628 2329 3712 prosequi
2362 3634 2431 3694 et
2459 3629 2606 3695 sine
2637 3630 2932 3698 eiusdem

544 3731 890 3798 voluntate
950 3733 1114 3799 nihil
1158 3734 1381 3800 facere
1428 3740 1544 3801 aut
1596 3739 2005 3815 attemptare
2053 3735 2522 3816 quoquomodo,
2568 3733 2696 3800 nisi
2747 3735 2934 3816 prius

544 3835 755 3916 ipsius
802 3835 1095 3920 consilio,
1139 3837 1405 3920 auxilio,
1438 3855 1763 3905 consensu
1793 3857 1873 3902 ac
1907 3837 2182 3918 speciali
2213 3855 2413 3919 super
2445 3838 2569 3904 hoe
2602 3839 2934 3918 requisita

544 3933 907 4006 voluntate.
960 3941 1143 4024 Quae
1192 3943 1407 4008 omnia
1457 3941 1901 4023 promittimus
1951 3949 2020 4007 et
2065 3941 2331 4020 singula
2376 3941 2444 4007 in
2491 3941 2620 4008 hiis
2655 3943 2934 4026 scriptis

542 4042 1020 4111 inviolabiliter
1066 4047 1444 4113 observare.

748 4151 989 4214 Actum
1039 4152 1299 4232 Pragae
1348 4171 1405 4216 a.
1452 4152 1532 4217 D.
1586 4157 1769 4219 1341.

752 4251 965 4338 (Oriq.
1042 4276 1090 4320 c.
1156 4277 1207 4319 r.
1277 4257 1449 4324 arch.
1506 4254 1639 4324 aul.
1712 4254 1894 4323 Vind,
1959 4293 2042 4302 —
2115 4253 2332 4339 (Ibycz‘c
2415 4253 2548 4322 VH.
2625 4258 2773 4328 374.
2855 4299 2934 4308 -

542 4353 758 4421 Emler
802 4357 911 4429 IV.
957 4359 1136 4451 958.)
