3288 4973
1562 328 1962 391 ..240-

566 533 791 601 causis
836 534 1277 601 suadentibus
1324 534 1680 601 ecclesiam
1725 535 2138 618 Pragensem
2177 532 2354 600 infra
2391 532 2638 597 dictum
2683 544 2939 612 regnum

566 639 879 705 Boemiae
902 639 1399 722 consistentem,
1416 648 1579 707 tnnc
1595 640 1926 707 ecclesiae
1947 638 2442 722 Mognntinensi
2473 633 2938 719 suffraganeam

564 750 637 808 et
688 742 1175 825 metropolitico
1234 744 1379 810 iure
1440 745 1832 827 subiectam,
1891 744 2376 811 deliberatione
2435 760 2578 807 cum
2635 738 2942 805 fratribus

568 846 841 929 nostris,
896 856 1179 915 sanctae
1245 848 1589 915 Romanae
1649 850 1979 915 ecclesiae
2037 847 2508 929 cardinalibuS,
2566 842 2945 927 praehabita

570 950 851 1033 provida
894 956 967 1017 et
1012 958 1275 1018 matura
1320 960 1391 1019 et
1434 956 1521 1020 de
1552 954 1842 1036 ipsorum
1877 952 2154 1020 consilio
2183 972 2266 1019 ac
2295 949 2699 1033 apostolicae
2750 946 2945 1029 pleni-

570 1055 807 1123 tudine
874 1058 1255 1139 potestatis,
1314 1076 1357 1122 a
1414 1059 1567 1142 jure
1621 1077 1704 1124 ac
1759 1058 2176 1142 subjectione
2246 1054 2606 1138 praedictis
2661 1070 2782 1134 per
2837 1067 2948 1116 nos

572 1166 947 1243 exemptam
996 1161 1305 1229 totaliter
1354 1170 1427 1227 et
1482 1162 1629 1229 sedi
1673 1163 2086 1245 apostolicae
2133 1162 2508 1229 immediate
2575 1158 2950 1240 subjectam,

574 1264 641 1331 in
672 1264 1023 1331 ecclesiam
1056 1267 1637 1349 metropolitanam
1669 1266 2053 1335 duxerimus
2085 1267 2486 1351 erigendam,
2513 1264 2718 1345 ipsam
2749 1257 2950 1342 digni·

574 1376 719 1434 tate
764 1376 833 1435 et
878 1370 1285 1435 auctoritate
1347 1371 1836 1454 metropolitica
1895 1371 2317 1438 nihilominus
2383 1367 2772 1443 decorando,
2836 1360 2954 1429 fuit

573 1472 765 1539 nobis
809 1492 931 1555 pro
978 1480 1173 1556 parte
1217 1476 1395 1556 regis
1440 1475 1740 1543 eiusdem
1785 1477 2124 1541 instanter
2179 1482 2252 1541 et
2312 1472 2654 1539 humiliter
2715 1466 2952 1551 suppli-

576 1582 814 1659 catum,
860 1584 937 1643 ut
981 1579 1366 1657 concedere,
1399 1582 1575 1659 qnod
1606 1598 1802 1662 reges
1837 1580 2172 1661 Boemiae,
2201 1578 2314 1659 qui
2345 1581 2545 1644 erunt
2575 1577 2656 1641 de
2687 1580 2952 1639 caetero

577 1684 727 1748 dum
776 1683 862 1747 ad
910 1682 1097 1764 regni
1145 1683 1476 1764 praedicti
1520 1685 2006 1751 successionem
2053 1702 2169 1749 eos
2216 1680 2576 1765 contigerit
2627 1677 2956 1755 devenire,

578 1803 743 1851 suae
788 1786 1163 1852 huiusmodi
1208 1788 1545 1854 unctionis
1590 1796 1664 1855 et
1699 1788 2150 1856 coronationis
2181 1785 2498 1853 solemnia
2545 1786 2628 1849 de
2657 1781 2949 1848 manibus

580 1889 1067 1971 archiepiscopi
1101 1891 1480 1975 PragensiS,
1520 1894 1635 1973 qni
1667 1893 1800 1961 erit
1830 1912 1952 1976 pro
1983 1902 2300 1975 tempore,
2333 1890 2632 1970 recipere
2671 1885 2952 1962 valeant,

580 1999 651 2058 et
682 1993 851 2059 idem
884 1994 1425 2077 archiepiscopus
1456 1995 1607 2061 illas
1637 1998 1738 2063 eis
1771 1996 1984 2079 possit
2013 1997 2330 2076 deinceps
2352 1991 2692 2076 perpetuis
2717 1986 2954 2055 tuturis

590 2096 997 2179 temporibus
1066 2098 1468 2181 impendere,
1522 2102 1605 2167 de
1659 2100 2078 2183 benignitate
2123 2099 2489 2191 apostolica
2531 2096 2958 2179 dignaremus.

794 2201 929 2267 Nos
996 2200 1207 2283 igitur
1262 2202 1748 2272 deliberatione
1819 2205 2092 2288 praevia
2161 2216 2230 2270 et
2285 2208 2546 2269 matura
2599 2216 2802 2282 super
2861 2196 2958 2262 his

584 2304 819 2371 habita
862 2322 945 2370 ex
992 2304 1199 2371 certis
1246 2308 1466 2373 causis
1512 2327 1633 2374 nos
1679 2311 1766 2374 ad
1811 2309 1980 2374 haec
2009 2306 2454 2374 rationabiter
2480 2302 2959 2381 inducentibus

586 2407 1051 2491 supplicationi
1088 2410 1460 2477 huiusmodi
1496 2412 1842 2496 benignius
1875 2412 2197 2496 inclinati,
2228 2413 2400 2494 quod
2432 2408 2958 2492 archiepiscopus

586 2513 966 2596 PragensiS,
991 2515 1103 2594 qui
1128 2522 1235 2581 est
1259 2521 1331 2582 et
1354 2517 1486 2582 erit
1517 2536 1637 2599 pro
1669 2524 1989 2601 tempore,
2027 2519 2311 2603 gratiam
2348 2523 2420 2584 et
2455 2513 2960 2582 communionem

588 2617 885 2684 eiusdem
930 2619 1337 2700 apostolicae
1394 2621 1575 2688 sedis
1632 2623 1908 2707 habens,
1967 2641 2160 2706 reges
2217 2619 2596 2704 praedictos
2641 2617 2961 2698 Boemiae,

589 2721 659 2788 in
690 2722 820 2788 fide
843 2741 925 2788 ac
951 2724 1305 2790 devotione
1330 2725 1678 2806 praefatae
1701 2727 2142 2794 Romanorum
2166 2727 2490 2794 ecclesiae
2516 2723 2965 2808 persistenteS,

590 2843 755 2906 quos
801 2827 887 2892 ad
934 2829 1422 2896 successionem
1467 2833 1703 2898 venire
1748 2832 2112 2916 contigerit
2155 2829 2622 2913 supradictam,
2653 2828 2962 2908 inungere

592 2948 671 2995 ac
718 2948 1039 2998 coronare
1085 2950 1233 2999 cum
1280 2932 1708 3002 solemnitate
1755 2937 1984 3003 debita
2032 2937 2272 3018 valeat,
2317 2934 2574 3016 ipsique
2605 2949 2794 3013 reges
2827 2949 2962 3012 per-

597 3035 817 3116 petuis
857 3034 1110 3102 futuris
1154 3037 1561 3119 temporibus
1612 3041 1931 3107 solemnia
1974 3039 2384 3107 inunctionis
2431 3045 2500 3104 et
2531 3034 2964 3102 coronationis

597 3137 971 3205 huiusmodi
1004 3141 1088 3205 de
1118 3141 1427 3208 manibus
1463 3142 1674 3224 ipsius
1717 3144 2205 3226 archiepiscopi
2251 3147 2490 3210 devote
2525 3141 2780 3224 possint
2811 3138 2966 3206 reci·

596 3258 774 3323 pere,
822 3245 1224 3310 auctoritate
1274 3245 1637 3330 praedicta,
1671 3255 1906 3315 tenore
1936 3249 2387 3330 praesentium
2417 3247 2846 3328 indulgemus,

806 3348 986 3414 Nulli
1031 3367 1187 3432 ergo
1235 3351 1495 3418 omnino
1543 3352 1874 3419 hominum
1921 3353 2125 3420 liceat
2169 3354 2342 3419 hanc
2375 3351 2673 3434 paginam
2705 3357 2968 3416 nostrae

599 3453 1049 3519 concessionis
1103 3453 1488 3540 infringere,
1548 3457 1659 3524 vel
1718 3459 1781 3524 ei
1843 3477 2008 3524 ausu
2071 3458 2422 3524 temerario
2483 3455 2846 3532 contraire3
2919 3450 2970 3516 si

601 3555 747 3635 quis
812 3563 1037 3623 autem
1101 3558 1227 3624 hoc
1293 3558 1521 3626 facere
1590 3563 2133 3647 praesumpserit,
2197 3560 2708 3643 indignationem
2781 3559 2968 3623 omni-

598 3661 891 3741 potentis
938 3662 1064 3729 Dei
1132 3671 1204 3730 et
1262 3667 1604 3732 beatorum
1678 3667 1866 3733 Petri
1929 3673 1999 3732 et
2059 3666 2270 3750 Pauli,
2331 3665 2774 3747 apostolorum
2823 3661 2972 3741 eiuS,

600 3765 863 3830 noverit
910 3785 982 3832 se
1030 3767 1461 3836 incursurum.

808 3922 1059 3989 Datum
1126 3925 1476 4009 Avinione,
1557 3926 1683 3994 III.
1755 3946 1961 3994 nonas
2032 3927 2212 4012 Maii,
2281 3926 2702 4008 pontificatus
2773 3923 2968 3990 nostri

605 4041 779 4092 anno
824 4029 1131 4094 secundo,

814 4179 1037 4268 (Arcb.
1101 4182 1169 4250 S.
1241 4184 1442 4253 Wenc.
1500 4223 1587 4235 —
1649 4185 1943 4273 Goldasr,
2010 4185 2246 4271 Sctppl.
2313 4183 2582 4251 XXXII.
2639 4223 2724 4233 —
2772 4180 2974 4270 Chytet

617 4285 753 4352 VII.
798 4287 943 4355 395.
986 4325 1073 4336 -
1118 4287 1333 4354 Emler
1379 4291 1419 4353 I
1428 4289 1491 4358 V.
1528 4291 1750 4376 1404.)
