3288 4973
1427 380 1773 443 -19-

613 580 731 651 11.
779 577 1208 652 Libertate-s
1278 599 1518 667 regno
1581 580 1661 653 et
1728 578 1991 651 incolis
2058 578 2279 666 regni
2344 580 2685 651 Boemiae
2748 602 2793 651 a

391 684 444 755 J
447 702 686 757 oanne
731 703 918 773 rege
959 688 1136 757 ante
1183 684 1743 757 coronationem
1790 685 2220 773 promissae.

1151 814 1378 904 1310,
1427 817 1550 887 25.
1599 815 2056 889 Decembris.

599 991 649 1055 J
651 992 946 1059 ohannes
1003 993 1132 1059 Dei
1206 993 1430 1077 gratia
1499 992 1814 1059 Boemiae
1880 998 1952 1059 et
2010 991 2327 1059 Poloniae
2402 1010 2537 1067 rex,
2614 994 2789 1061 sacri

395 1094 669 1179 Imperii
718 1097 892 1165 citra
949 1104 1204 1163 montes
1275 1098 1566 1165 vicarius
1627 1096 1981 1182 generalis²
2042 1114 2120 1161 ac
2186 1096 2787 1181 Lucemburgensis

391 1218 634 1283 comes,
681 1200 981 1267 omnibus
1028 1202 1553 1284 inperpetuum.

601 1322 876 1390 Gloriae
923 1324 1170 1408 regalis
1217 1326 1476 1391 culmen
1523 1323 1874 1405 attollitur,
1922 1328 2317 1404 tempusque
2361 1323 2562 1389 datur
2601 1325 2779 1391 vitae

389 1424 708 1493 felicitati
769 1430 1177 1513 productius,
1241 1432 1392 1495 dum
1439 1448 1560 1495 rex
1605 1428 1834 1509 amari,
1896 1444 2027 1493 non
2089 1424 2327 1509 timeri,
2375 1428 2786 1510 desiderans,

389 1547 522 1593 non
569 1531 935 1598 saevientis
999 1534 1118 1599 sed
1179 1532 1522 1616 diligentis
1585 1532 1809 1613 potius
1872 1532 1939 1597 in
2009 1532 2457 1613 subjectorum
2504 1534 2782 1599 assumit

385 1636 880 1716 gubernatione
925 1636 1228 1703 officium.
1277 1637 1444 1702 Nam
1491 1638 1641 1703 dum
1686 1635 1853 1716 ipsis
1897 1636 1967 1700 in
2014 1652 2191 1716 rege.
2242 1642 2314 1700 et
2358 1637 2501 1719 regi
2548 1636 2613 1701 in
2662 1636 2779 1719 eia,

389 1738 490 1803 sic
559 1741 946 1821 complacet,
1008 1758 1089 1806 ex
1154 1739 1522 1807 huiusmodi
1571 1739 1976 1805 caritativae
2023 1738 2425 1820 receptionis
2471 1743 2782 1823 operibus

387 1858 520 1922 pax
583 1848 658 1909 et
704 1861 786 1909 ex
830 1846 1016 1926 pacis
1062 1845 1267 1911 totius
1317 1846 1470 1911 boni
1517 1845 1823 1925 procedit
1868 1844 2245 1909 stabilitate
2292 1843 2671 1929 fomentum,
2712 1854 2781 1911 et

389 1952 566 2025 pium
629 1946 790 2013 illud
849 1950 1029 2033 regis
1099 1949 1378 2031 pacifici,
1448 1966 1574 2027 quo
1638 1948 1995 2013 humanum
2072 1966 2299 2030 genus,
2364 1953 2438 2013 ut
2498 1950 2778 2015 honeste

385 2050 598 2131 vivat,
643 2050 927 2116 alterum
973 2071 1104 2117 non
1151 2052 1392 2133 laedat,
1431 2052 1542 2133 jus
1588 2070 1773 2117 suum
1820 2051 2175 2131 unicuique
2236 2053 2510 2134 tribuat,
2576 2054 2773 2119 infor-

381 2160 624 2239 matur,
670 2156 1012 2222 decretum
1059 2158 1144 2221 ad
1193 2176 1376 2222 suum
1437 2154 1731 2221 feliciter
1791 2154 2041 2221 infelici
2110 2156 2353 2221 dudum
2400 2162 2778 2240 transgres-

379 2257 570 2325 sione
619 2259 940 2325 abolitum
986 2265 1344 2327 revocatur
1391 2259 1711 2326 effectum.
1761 2259 2185 2345 Quapropter
2214 2278 2353 2343 1108,
2395 2260 2507 2340 qui
2541 2264 2779 2343 guber-

379 2362 638 2428 nationi
687 2363 878 2447 regni
929 2362 1234 2430 Boemiae
1293 2382 1586 2447 superna
1632 2382 1855 2429 sumus
1902 2363 2339 2444 dispositione
2386 2366 2775 2447 praepositi,

383 2467 482 2534 sic
527 2468 596 2534 in
643 2468 786 2552 ipso
835 2468 1085 2554 vivere,
1131 2468 1358 2549 sicque
1407 2469 1548 2534 Deo
1594 2468 1961 2534 auxiliante
2008 2469 2429 2551 proponimus
2477 2456 2769 2554 dirigere

380 2579 572 2637 actus
621 2580 908 2656 nostros,
955 2574 1130 2655 quod
1173 2573 1270 2638 nil
1317 2573 1442 2639 sibi
1491 2573 1803 2639 vendicet
1848 2573 2065 2638 odium
2114 2576 2220 2640 vel
2267 2574 2460 2639 favor
2492 2581 2771 2656 usurpet

380 2676 676 2760 illicituS,
722 2679 840 2742 sed
889 2678 1104 2744 omnia
1151 2696 1234 2744 ex
1280 2677 1568 2742 caritate
1615 2678 1981 2759 composita
2026 2679 2205 2746 inter
2250 2695 2371 2742 nos
2436 2681 2505 2743 et
2558 2680 2768 2760 ipsius

379 2781 574 2864 regni
619 2781 872 2847 incolas
919 2781 1092 2864 fidei,
1151 2781 1394 2846 amoris
1461 2785 1531 2846 et
1591 2781 1969 2848 dilectionis
2031 2788 2399 2864 perpetuae
2469 2785 2767 2848 sentiant

377 2885 782 2953 firmitatem.
831 2885 920 2951 Et
967 2891 1042 2951 ut
1091 2886 1286 2952 huius
1335 2885 1546 2951 nostri
1579 2884 1933 2951 laudabilis
1960 2886 2101 2952 Deo
2134 2885 2407 2952 favente
2441 2888 2766 2968 propositi

373 2988 578 3056 iidem
624 2990 1000 3075 regnicolas
1047 2991 1115 3056 in
1162 2990 1416 3057 efficaci
1465 2995 1533 3056 et
1579 2989 1869 3072 benigna
1930 2991 2227 3056 sentiant
2296 2992 2765 3071 prosecutione

375 3111 820 3178 progressum,
868 3095 990 3161 hoc
1039 3093 1135 3161 eis
1183 3093 1626 3175 promittimus
1674 3105 1745 3159 et
1791 3096 1876 3159 ad
1919 3095 2043 3160 hoc
2090 3113 2209 3160 nos
2255 3094 2433 3160 fideli
2492 3101 2563 3160 et
2618 3114 2768 3160 con-

377 3198 592 3263 stanti
639 3191 1092 3281 promissionis
1139 3199 1403 3265 vinculo
1452 3199 1851 3281 obligamus:

585 3303 638 3368 Ι.
662 3303 850 3388 Quod
875 3303 1324 3370 venerabilem
1347 3304 1416 3370 in
1443 3303 1708 3370 Christo
1743 3309 1999 3383 patrem
2026 3301 2353 3368 dominum
2374 3302 2421 3368 J
2424 3303 2767 3386 ohannem,

380 3407 788 3490 Pragensem
835 3408 1230 3492 episcopum,
1275 3407 1641 3490 principem
1689 3413 1987 3472 nostrum
2032 3406 2364 3487 dilectum,
2402 3411 2469 3471 et
2503 3425 2765 3472 succes-

382 3529 566 3576 sores
662 3529 834 3596 suOS,
913 3513 1126 3594 ipsam
1191 3513 1596 3596 Pragensem
1660 3511 2027 3589 ecclesiam,
2096 3515 2439 3590 totumque
2505 3512 2772 3584 clerum,

343 3633 501 3708 ‘nec
547 3633 680 3681 non
725 3617 982 3683 nobiles
1029 3624 1098 3683 et
1141 3617 1540 3701 terrigenas,
1604 3614 1925 3698 regnique
1988 3615 2197 3696 ipsius
2273 3615 2579 3696 populum
2626 3617 2767 3682 uni—

385 3737 667 3803 versum,
697 3722 872 3786 bona
919 3726 990 3786 et
1035 3721 1490 3802 possessiones
1529 3721 1840 3804 ipsorum,
1872 3722 1941 3787 in
1976 3740 2197 3787 eorum
2234 3719 2773 3789 conservabimus

375 3822 656 3908 iuribuS,
705 3829 774 3890 et
821 3843 1042 3892 eorum
1089 3825 1460 3909 libertateS,
1508 3826 2037 3908 consuetudines,
2106 3825 2460 3910 privilegia
2509 3830 2577 3890 et
2615 3824 2773 3907 jura

385 3927 738 4012 quaelibet,
785 3931 1033 3996 tamin
1072 3931 1320 4014 judicio
1368 3949 1560 4011 quam
1593 3937 1788 3997 extra
1820 3930 2160 4015 judicium,
2192 3931 2377 3996 firma
2409 3934 2480 3994 et
2512 3928 2773 3996 illibata

381 4033 813 4116 servabimus,
875 4053 998 4100 nec
1061 4053 1140 4101 ea
1199 4035 1689 4102 immutabimus
1751 4053 1873 4100 nec
1936 4033 2367 4100 diminuemus
2414 4031 2483 4096 in
2530 4032 2771 4114 aliqu0‚

382 4137 498 4202 sed
545 4156 625 4204 ea
671 4143 744 4203 et
789 4155 911 4218 per
969 4157 1088 4204 nos
1147 4139 1521 4206 tenebimus
1584 4146 1656 4205 et
1717 4158 1835 4219 per
1898 4139 2065 4204 alios
2126 4137 2343 4202 teneri
2392 4143 2462 4201 et
2509 4138 2765 4201 servari

381 4259 640 4322 semper
700 4241 785 4307 ab
854 4243 1152 4310 omnibus
1229 4243 1730 4310 immutabiliter
1806 4243 2143 4326 faciemuS,
2221 4260 2345 4306 nec
2420 4239 2770 4320 aliquibus

380 4345 829 4427 cuiuscunque
891 4346 1290 4414 conditionis
1337 4354 1457 4413 aut
1501 4354 1725 4413 status
1787 4347 2053 4428 fuerint,
2107 4346 2479 4410 hominibus
2527 4344 2767 4427 aliqua,

2492 4463 2559 4517 2*
