3288 4973
1522 373 1911 433 —140-

727 574 800 641 Si
846 595 1007 642 vero
1056 594 1162 641 res
1212 576 1380 643 alias
1428 573 1809 659 receperint
1856 573 1965 641 vel
2012 576 2246 653 captos
2286 589 2711 653 quoscunque
2743 569 2909 636 deti·

520 678 792 746 nuerint
837 684 957 745 aut
1001 679 1136 746 alia
1181 680 1369 746 lucra
1415 681 1901 762 qualiacunque
1948 675 2464 759 reportaverint,
2507 676 2671 741 haec
2704 672 2913 739 nostri

521 790 591 850 et
637 784 847 866 ipsius
895 786 952 849 d.
999 785 1174 851 arch
1226 784 1522 851 homines
1568 785 1748 851 inter
1794 802 1867 849 se
1904 783 2098 864 juxta
2142 785 2546 847 armaturam
2586 790 2654 845 et
2688 795 2910 860 perso-

523 907 756 954 narum
802 907 1142 954 numerum
1190 889 1490 954 dividere
1538 891 1962 954 tenebuntur.

725 991 1253 1075 Depactationes
1321 997 1562 1076 autem,
1633 991 1691 1057 si
1754 1009 1925 1071 quae
1986 991 2055 1056 in
2115 987 2319 1055 terris
2381 986 2780 1053 marchionis
2844 990 2912 1050 et

519 1097 891 1180 adjutorum
937 1095 1148 1177 ipsius
1195 1094 1418 1162 factae
1464 1095 1733 1179 fuerint,
1781 1095 1969 1162 nobis
2017 1099 2088 1160 et
2132 1091 2263 1175 ipsi
2310 1094 2370 1158 d.
2414 1091 2592 1157 arch.
2626 1107 2910 1155 commu-

519 1200 698 1265 niter
745 1199 1192 1280 pertinebunt.

727 1301 796 1368 Si
844 1320 1002 1369 vero
1052 1303 1348 1369 homines
1395 1302 1627 1386 nostri,
1675 1302 2049 1369 hominibus
2095 1300 2274 1367 arch.
2321 1298 2733 1379 absentibus,
2796 1297 2911 1363 ali-

521 1423 684 1485 quas
731 1405 1152 1489 munitioneS,
1202 1406 1517 1473 civitates
1564 1425 1683 1472 seu
1739 1411 1965 1472 castra
2028 1402 2483 1485 acquisierint,
2543 1402 2659 1467 illa
2722 1401 2914 1467 nobis

527 1508 831 1576 absolute
879 1507 1216 1592 pertinere
1265 1510 1617 1577 debebunt.

635 1687 639 1691 ,
723 1611 924 1693 Sique
999 1631 1119 1695 per
1190 1613 1633 1679 marchionem
1713 1616 1833 1678 aut
1906 1612 2205 1692 quemvis
2280 1629 2465 1677 suum
2534 1610 2909 1693 adjutorem

517 1716 739 1796 aliqua
783 1716 1079 1801 muniti0,
1126 1717 1368 1782 civitas
1415 1716 1558 1783 sive
1604 1722 1899 1782 castrum
1944 1717 2032 1782 ad
2075 1715 2287 1799 ipsum
2335 1715 2513 1782 arch.
2562 1712 2911 1794 pertinens

516 1820 626 1887 vel
674 1819 1093 1901 pertinentes
1156 1819 1410 1888 vallata
1471 1820 1580 1886 vel
1641 1818 1964 1886 vallatum
2022 1818 2241 1896 fuerit,
2298 1819 2367 1884 in
2428 1835 2505 1883 eo
2566 1834 2730 1883 casu
2793 1834 2915 1881 nos

517 1925 663 2006 sibi,
738 1928 985 2004 quanto
1054 1922 1417 2007 poterimus
1485 1923 1817 2007 fortioreS‚
1885 1924 2118 1989 venire
2181 1922 2560 1988 tenebimur
2625 1926 2696 1986 et
2766 1939 2915 2001 pro·

516 2027 842 2093 mittimus
890 2027 958 2093 in
1007 2045 1407 2094 succursum.

723 2131 1091 2198 Praeterea
1160 2130 1607 2214 promittimus
1667 2130 1796 2213 ipsi
1862 2131 2066 2214 arch„
2124 2135 2198 2196 ut
2258 2129 2318 2194 si
2379 2128 2728 2210 contingat
2793 2147 2918 2195 nos

515 2235 800 2315 aliquam
850 2254 997 2301 cum
1044 2235 1424 2302 marchione
1471 2240 1541 2302 et
1588 2233 1717 2301 sibi
1762 2233 2283 2301 adhaerentibus
2329 2233 2555 2299 facere
2599 2232 2709 2301 vel
2741 2231 2920 2296 inire

515 2339 933 2405 concordiam
981 2339 1123 2405 sive
1169 2344 1464 2423 treugae,
1513 2341 1780 2405 easdem
1826 2358 1970 2406 cum
2016 2339 2180 2419 ipsis
2247 2337 2376 2403 nisi
2438 2339 2521 2402 de
2582 2353 2916 2401 consensu

517 2448 586 2509 et
631 2441 906 2510 consilio
954 2443 1164 2526 ipsius
1229 2444 1409 2509 arch.
1483 2449 1552 2511 et
1620 2461 1696 2509 eo
1765 2443 2018 2510 incluso
2089 2442 2302 2509 eidem
2372 2440 2770 2507 concordiae
2847 2445 2922 2506 et

521 2548 793 2631 treugiS,
840 2548 1211 2614 nullomodo
1258 2548 1600 2615 iaciemus.

721 2668 858 2756 (E'cc
902 2668 1190 2734 Riedelii
1239 2669 1388 2737 Cod.
1436 2666 1601 2755 dipl.
1650 2668 1902 2737 Brund.
1948 2667 2112 2736 Eml.
2159 2666 2272 2732 IV.
2322 2666 2499 2754 298.)

719 2861 869 2928 126.
940 2857 1242 2928 Literae
1301 2859 1677 2929 Bolkonis
1725 2859 1941 2930 ducis
1992 2858 2314 2930 Silesiae
2362 2860 2441 2927 et
2483 2855 2770 2926 domini
2819 2856 2911 2927 in

514 2963 1069 3049 Munsterberg‚
1095 2962 1371 3050 quibus
1396 2965 1647 3032 terras
1681 2982 1861 3033 suas
1895 2960 2497 3044 Munsterberch,
2534 2958 2914 3031 Reichen-

513 3065 728 3151 bach,
774 3065 1356 3152 Frankenstein‚
1407 3067 1769 3153 Sobotka‚
1814 3066 2191 3137 Patzkow
2237 3069 2375 3135 etc.
2413 3066 2466 3135 J
2470 3065 2695 3135 oanni
2730 3066 2916 3153 regi

513 3170 595 3240 in
638 3170 941 3240 feudum
987 3170 1229 3256 offert,
1289 3171 1384 3241 ab
1433 3191 1668 3259 eoque
1714 3192 1852 3259 per
1897 3172 2239 3241 osculnm
2287 3173 2365 3240 et
2409 3170 2918 3256 reassumpti-

515 3293 737 3343 onem
784 3274 1015 3344 bireti
1062 3295 1191 3345 eas
1241 3275 1538 3363 lecipit‚
1584 3274 1729 3345 hoc
1762 3275 2081 3364 adjecto,
2115 3274 2316 3363 quod
2347 3274 2744 3344 deficiente
2777 3275 2923 3345 ali-

514 3378 812 3465 qnando
844 3379 1181 3449 mascula
1213 3379 1477 3450 sobole
1509 3380 1886 3450 ducatus
1861 3400 2030 3467 lpse
2063 3379 2158 3450 ad
2191 3399 2516 3467 regnum
2550 3378 2918 3511 Boemiae

517 3481 828 3552 devolvi
874 3481 1168 3552 debeat.

1334 3572 1527 3656 1336,
1574 3574 1683 3640 29.
1731 3569 2093 3658 Augusti.

718 3706 841 3760 List
878 3708 1129 3764 Bolkuov
1167 3709 1429 3764 knieaete
1455 3709 1762 3779 slezskeho,
1785 3713 1850 3764 ze
1869 3710 1989 3779 Jest
2014 3709 2181 3780 priJ‘al
2208 3710 2277 3763 od
2303 3708 2460 3763 kra1e
2486 3708 2522 3762 J
2525 3723 2634 3763 ana
2660 3711 2913 3766 eeskeho
3023 3681 3030 3686 ἢ

508 3794 882 3848 knietetstvie
925 3795 1021 3850 sve
1059 3794 1278 3851 slezske
1314 3811 1374 3851 se
1414 3797 1586 3851 veemi
1635 3799 1818 3865 mesty
1855 3797 1876 3851 i
1912 3798 2246 3865 panovanim
2289 3795 2411 3865 jieh
2460 3795 2567 3864 pod
2620 3799 2912 3853 manstvie

513 3883 663 3934 1336.
704 3881 802 3950 (A.
847 3880 949 3950 K.)

719 3993 826 4048 Illo
854 3999 1103 4062 tempore
1125 3998 1311 4065 (1335)
1339 3996 1496 4051 misit
1519 4012 1617 4051 nos
1647 3997 1960 4066 (Karolum)
1975 4002 2140 4065 pater
2155 4003 2346 4051 noster
2361 3996 2480 4067 (rex
2499 3996 2535 4050 J
2538 3998 2779 4060 oannes)
2796 4015 2923 4054 cum

506 4078 736 4146 pulchro
774 4079 1027 4135 exercitu
1066 4095 1233 4148 super
1271 4082 1467 4137 ducem
1504 4083 1722 4138 Sleziae
1759 4099 1898 4138 nom.
1941 4084 2259 4152 Bolkonem,
2306 4082 2585 4137 domiuum
2623 4083 2915 4143 munster-

508 4165 869 4234 bergensem3
919 4183 1048 4221 nam
1096 4168 1193 4223 ille
1232 4169 1342 4222 dux
1382 4185 1488 4223 non
1529 4177 1659 4225 erat
1690 4171 1949 4239 princeps
1988 4185 2167 4237 neque
2211 4170 2459 4225 vasallus
2509 4169 2690 4238 patris
2737 4175 2926 4229 nostri

510 4258 568 4305 et
605 4253 766 4322 regui
814 4254 1091 4309 Boemiae.
1154 4255 1328 4310 Pater
1383 4261 1573 4311 tamen
1627 4264 1820 4313 noster
1877 4257 2218 4325 acquisierat
2270 4256 2558 4311 civitatem
2609 4257 2923 4318 Wratisla-

509 4339 755 4394 viensem
793 4356 889 4409 per
926 4341 974 4396 d.
1014 4342 1313 4396 Henricum
1350 4342 1494 4412 VII,
1534 4343 1730 4399 ducem
1766 4344 2311 4412 Wratislaviensem,
2362 4343 2455 4411 qui
2505 4344 2749 4401 heredes
2808 4365 2921 4404 non
