3288 4973
1398 382 1789 441 -539—

385 592 622 653 nostra
667 586 970 669 scientia,
1015 589 1191 652 bona
1236 584 1384 667 fide,
1423 584 1568 652 sine
1601 582 1779 650 omni
1810 584 1978 664 dolo,
2011 579 2447 662 promisimus,
2480 583 2549 643 et
2582 595 2785 658 super

387 708 468 759 eo
512 693 836 757 baronum
885 695 956 757 et
999 690 1288 757 fidelium
1335 695 1715 755 nostrorum
1763 686 2241 753 communicato
2296 680 2571 749 consilio
2618 697 2783 747 sano

388 800 462 861 et
504 798 765 861 maturo
827 795 1275 876 promittimus
1337 813 1458 877 per
1516 795 1685 859 haec
1746 793 2017 874 scripta,
2078 789 2251 871 quod
2306 804 2425 853 nos
2486 792 2557 852 et
2614 784 2782 850 dicti

390 898 609 964 nostri
653 899 938 965 heredes
985 904 1057 964 et
1085 916 1530 979 successores,
1559 896 1978 965 marchiones
2012 892 2375 976 Moraviae,
2408 890 2783 973 praefatum

389 1020 671 1085 regnum
717 1001 1045 1086 Boemiae,
1091 1002 1492 1069 attinentias
1538 1008 1610 1067 et
1657 998 2100 1083 pertinentias
2148 997 2442 1063 eiusdem
2482 994 2785 1076 singulas

387 1124 432 1171 a
475 1106 656 1172 dicto
702 1106 963 1173 domino
1011 1111 1262 1191 nostro,
1324 1104 1687 1173 heredibus
1734 1109 1804 1171 et
1850 1102 2348 1171 successoribus
2402 1099 2543 1167 suis
2590 1116 2779 1181 prae-

389 1210 612 1291 dictis,
671 1210 826 1292 jure
889 1209 1349 1277 ecclesiastico
1411 1210 1520 1275 vel
1570 1208 1752 1275 civili
1798 1216 1917 1274 aut
1960 1206 2159 1287 factm,
2222 1204 2431 1272 tacite
2498 1203 2604 1270 vel
2669 1220 2781 1268 ex-

393 1332 644 1397 presse,
692 1333 812 1397 per
855 1334 994 1397 nos,
1038 1316 1240 1382 alium
1285 1332 1404 1382 seu
1449 1313 1638 1397 alim,
1685 1313 1911 1393 aliqua
1956 1310 2325 1391 occasione,
2371 1308 2631 1375 ratione
2673 1305 2781 1373 vel

391 1434 617 1501 causa,
692 1420 948 1487 directe
1020 1421 1131 1485 vel
1207 1418 1554 1503 indirecte,
1622 1418 1861 1499 quovis
1936 1415 2269 1497 exquisito
2338 1413 2604 1496 ingenio
2670 1412 2781 1477 vel

391 1526 632 1606 colore,
675 1541 1010 1604 nunquam
1055 1524 1559 1607 imperpetuum,
1605 1524 1673 1589 in
1706 1528 1849 1588 toto
1882 1521 2099 1586 autin
2134 1524 2345 1601 parte,
2386 1518 2781 1585 aufferemus

389 1644 514 1693 nec
559 1628 851 1710 aufferri,
897 1635 1213 1709 quantum
1263 1628 1332 1695 iu
1377 1628 1569 1695 nobis
1615 1632 1741 1712 est,
1787 1628 1930 1693 sine
1988 1625 2161 1691 omni
2222 1624 2373 1691 dolo
2432 1623 2778 1703 quomodo-

385 1730 555 1797 libet
628 1733 1105 1816 permittemus,
1182 1751 1306 1799 nec
1381 1734 1596 1815 ipsum
1675 1750 1953 1815 regnum
2026 1728 2337 1796 Boemiae
2416 1745 2565 1794 cum
2640 1726 2781 1793 suis

390 1836 818 1916 pertinentiis
893 1836 1085 1905 nobis
1163 1837 1683 1918 vendicabimus,
1752 1836 2231 1917 applicabimus
2307 1838 2423 1900 aut
2498 1850 2780 1916 reguum

399 1940 713 2006 Boemiae
759 1940 1142 2022 aliqualiter
1188 1941 1616 2023 impetemus;
1660 1940 1789 2007 nisi
1824 1959 1895 2005 m
1926 1958 2071 2005 eum
2106 1958 2350 2022 casum,
2383 1938 2493 2003 ubi
2526 1938 2778 2003 dictum

388 2044 714 2111 dominum
778 2051 1074 2113 nostrum
1140 2045 1639 2128 Imperatorem,
1700 2046 1983 2111 heredes
2030 2049 2101 2109 et
2144 2059 2570 2109 successores
2624 2060 2779 2109 suos

389 2152 730 2229 praetatos
776 2153 1026 2231 absque
1067 2151 1429 2218 heredibus
1475 2150 1794 2235 legitimis
1840 2149 2185 2216 masculini
2216 2166 2418 2215 sexus
2450 2148 2778 2214 decedere

387 2253 830 2335 contingeret,
872 2255 1032 2334 quia
1077 2262 1238 2321 tunc
1284 2256 1534 2321 dictum
1581 2272 1855 2338 reguum
1907 2253 2217 2319 Boemiae
2263 2271 2407 2318 cum
2442 2252 2581 2319 suis
2618 2253 2777 2317 atti-

389 2357 638 2423 nentiis
701 2360 786 2423 ad
834 2376 973 2441 n03,
1035 2360 1318 2425 heredes
1388 2368 1458 2424 et
1525 2376 1951 2425 successores
2019 2364 2305 2441 nostros,
2361 2356 2777 2423 marchiones

389 2458 750 2545 Moraviae,
773 2468 958 2530 esset
982 2462 1379 2530 devolutum.
1415 2462 1507 2529 Et
1535 2480 1677 2547 nos,
1709 2463 1995 2530 heredes
2020 2468 2091 2528 et
2116 2478 2539 2529 successores
2562 2460 2781 2527 nostri

387 2565 758 2647 praefatum
807 2569 1328 2634 marchionatum
1369 2586 1513 2634 cum
1545 2568 1926 2635 attinentiis
1958 2573 2029 2634 et
2062 2566 2489 2650 pertinentiis
2522 2569 2661 2634 suis
2692 2570 2777 2633 ab

387 2669 568 2736 dicto
617 2671 877 2737 domino
923 2679 1152 2738 nostro
1198 2671 1610 2756 Imperatore
1658 2678 1734 2739 ut
1781 2691 1820 2738 a
1864 2691 2026 2756 rege
2060 2673 2391 2754 Boemiae,
2420 2670 2780 2737 heredibus

391 2781 462 2840 et
505 2775 1008 2842 successoribus
1055 2777 1214 2858 suis,
1253 2777 1521 2858 regibus
1555 2777 1884 2859 Boemiae,
1914 2783 1987 2844 et
2017 2797 2058 2843 a
2088 2795 2331 2844 corona
2363 2775 2557 2860 regni
2591 2794 2777 2858 prae·

392 2878 556 2945 dicti
601 2879 670 2945 in
714 2878 980 2946 feudum
1045 2881 1309 2947 illustre
1357 2886 1425 2947 et
1472 2882 1735 2966 insigne
1784 2883 2083 2966 recipere
2131 2888 2201 2949 et
2246 2883 2424 2949 omni
2480 2888 2780 2962 tempore

387 2989 624 3050 tenere
662 2984 1062 3067 debebimus,
1095 2991 1296 3068 prout
1323 2987 1394 3052 in
1424 2985 1574 3052 aliis
1605 2986 1857 3053 litteris
1890 2989 2179 3070 desuper
2212 2991 2483 3056 traditis
2518 2989 2783 3071 plenius

389 3093 498 3155 est
542 3105 949 3172 expressum,
995 3107 1160 3169 quas
1217 3089 1484 3155 litteras
1545 3092 1614 3157 in
1675 3092 1974 3158 omnibus
2034 3094 2174 3158 suis
2238 3092 2574 3174 clausuliS,
2634 3110 2781 3158 sen·

390 3191 645 3275 tentiis,
690 3193 1034 3260 tenoribus
1081 3201 1154 3259 et
1201 3196 1484 3279 punctis,
1529 3196 1710 3260 sicut
1754 3196 2051 3278 scriptae
2084 3206 2258 3281 sunt,
2290 3199 2357 3264 in
2392 3215 2510 3264 suo
2545 3198 2783 3263 robore

389 3313 511 3378 per
541 3295 756 3363 omnia
787 3297 1090 3364 volumus
1120 3316 1486 3366 remanere.
1527 3299 1620 3365 Et
1650 3302 1737 3366 ad
1784 3301 2001 3368 omnia
2034 3307 2101 3368 et
2134 3302 2400 3386 singula
2432 3301 2783 3383 praedicta

391 3405 462 3466 et
507 3419 730 3467 eornm
778 3402 1141 3484 quodlibet,
1204 3409 1403 3485 prout
1446 3411 1931 3486 expressantur
1973 3408 2304 3490 superius,
2360 3407 2782 3474 observanda

391 3523 513 3570 nos
560 3508 734 3572 bona
783 3507 930 3590 fide,
977 3510 1230 3588 absque
1277 3508 1452 3573 omni
1497 3509 1667 3592 dolo,
1712 3514 1784 3576 et
1819 3510 1887 3575 in
1920 3510 2174 3577 virtute
2208 3513 2571 3594 corporalis
2596 3511 2779 3594 jnra-

391 3609 598 3675 menti
644 3610 974 3692 praedicti
1017 3613 1102 3678 de
1149 3617 1338 3678 certa
1381 3617 1614 3678 nostra
1662 3613 1947 3681 scientia
1978 3613 2363 3699 obligamus

599 3732 1062 3800 Praesentium
1141 3738 1263 3803 sub
1331 3755 1626 3820 appenso
1696 3739 1928 3821 majori
1997 3747 2225 3806 nostro
2294 3739 2513 3824 sigillo
2581 3742 2777 3806 testi-

391 3836 605 3902 monio
652 3836 1050 3904 litterarum.

595 3995 844 4060 Datum
908 3995 1172 4080 Pragae
1224 4016 1282 4066 a.
1347 3999 1424 4064 D.
1487 4005 1652 4066 1366
1716 3999 1782 4065 in
1852 4000 1959 4066 die
2030 4007 2415 4068 sanctorum
2484 4003 2777 4070 Tiburtii

386 4103 458 4162 et
505 4098 848 4165 Valeriani
895 4105 1084 4168 mart.

594 4253 824 4341 (Ar-ch.
875 4254 940 4320 S.
997 4256 1200 4323 Wenc.
1247 4295 1332 4308 —-
1365 4259 1644 4324 Goldast
1666 4285 1738 4346 p.
1774 4263 1920 4329 319.
1956 4299 2041 4312 --
2075 4262 2339 4327 Brandl
2366 4263 2481 4326 IX.
2524 4265 2667 4332 425.
2696 4303 2783 4316 -

385 4356 649 4422 Similes
694 4361 1049 4426 reversalea
1099 4361 1325 4428 Caroli
1368 4363 1480 4432 IV.
1526 4401 1613 4414 -
1658 4365 1885 4432 Huber
1928 4365 2080 4454 Rey.
2130 4367 2326 4455 Imp.)
