3288 4973
1582 409 1668 418 —
1716 377 1841 438 342
1888 391 2008 418 -·

788 577 935 643 VII.
982 579 1075 644 Et
1120 579 1418 659 quamvis
1466 580 1548 645 de
1599 577 1752 660 jnre
1817 579 2140 644 communi
2203 583 2275 644 et
2333 577 2621 658 positivo
2686 580 2977 657 constat,-

576 684 749 760 quod
782 683 1035 749 vasallo
1096 702 1227 749 non
1273 682 1529 750 relictis
1576 682 1930 767 legittimis
1978 682 2325 750 masculini
2371 699 2569 747 sexus
2616 680 2972 746 heredibus

576 787 919 868 moriente,
945 786 1253 868 pseudum
1286 789 1367 852 de
1402 788 1507 852 sui
1542 793 1787 851 natura
1822 788 1906 852 ad
1940 787 2151 870 ipsius
2183 784 2410 868 pseudi
2444 785 2772 850 dominum
2789 783 2974 864 Justo

573 889 772 955 titulo
841 897 1246 972 revertatur,
1306 896 1550 972 tamen,
1610 896 1686 956 ut
1749 892 1858 958 via
1922 890 2381 957 dubietatibus
2445 896 2515 954 et
2577 887 2972 969 calumpniis

576 994 917 1074 praecludi
992 996 1235 1077 valeat,
1308 994 1582 1061 consilio
1647 995 1900 1061 saniori
1971 995 2190 1060 dictus
2254 995 2555 1059 dominus
2625 1000 2696 1056 et
2765 991 2980 1058 frater

574 1109 807 1164 noster
852 1099 1329 1180 pronuntiavit,
1376 1097 1694 1165 diffinivit
1743 1104 1812 1165 et
1858 1100 1926 1165 in
1973 1099 2114 1165 suis
2161 1099 2414 1164 litteris
2462 1096 2852 1178 declaravit,
2901 1104 2976 1158 ut

577 1201 883 1280 quotiens
945 1222 1083 1286 nos,
1159 1205 1443 1269 heredes
1520 1209 1639 1268 aut
1714 1204 2120 1285 proheredes
2196 1213 2483 1282 nostroS,
2559 1199 2976 1266 marchiones

578 1305 937 1388 Moraviae,
986 1309 1235 1387 absque
1282 1307 1632 1373 masculini
1689 1325 1891 1373 sexus
1953 1307 2313 1374 heredibus
2375 1305 2721 1386 continget
2781 1306 2974 1368 dece-

574 1410 754 1491 dere,
788 1411 961 1490 quod
993 1412 1491 1477 marchionatus
1520 1410 1867 1477 Moraviae
1891 1412 2278 1493 praedictus
2313 1411 2659 1491 adipsum,
2687 1408 2972 1474 heredes

578 1519 648 1579 et
716 1532 1139 1580 successores
1213 1515 1441 1595 ipsius,
1510 1533 1702 1597 reges
1781 1515 2112 1598 Boemiae,
2180 1515 2475 1580 dominos
2543 1519 2826 1592 nostrOS,
2903 1520 2972 1576 et

576 1619 869 1698 ejusdem
916 1620 1105 1700 regni
1137 1637 1443 1685 coronam
1480 1621 1731 1700 absque
1769 1618 2168 1686 difficultate
2197 1619 2409 1685 libere
2441 1625 2864 1696 revertatur-3
2896 1619 2971 1680 ut

574 1727 799 1787 tamen
844 1722 1066 1787 dictus
1112 1723 1412 1789 dominus
1459 1731 1523 1789 et
1574 1724 1790 1789 frater
1835 1729 2085 1806 noster,
2115 1724 2398 1789 heredes
2441 1729 2511 1786 et
2549 1737 2972 1786 successores

576 1825 699 1907 sui,
748 1826 1059 1892 Boemiae
1102 1845 1314 1909 regeS,
1385 1827 1631 1893 domini
1695 1829 1927 1911 nostri,
1985 1828 2093 1893 vel
2140 1827 2314 1892 alter
2375 1845 2618 1906 eorum,
2681 1824 2792 1905 qui
2857 1841 2974 1904 pro

576 1934 877 2012 tempore
942 1929 1165 2014 tuerit,
1226 1938 1515 2015 nostras,
1576 1932 1892 1998 heredum
1959 1940 2028 1997 et
2092 1934 2534 2013 proheredum
2593 1936 2971 1995 nostrornm

576 2034 768 2117 filiaS,
836 2035 895 2100 si
940 2053 1104 2114 quas
1150 2035 1609 2118 dimiserimuS,
1671 2038 1757 2102 ad
1803 2044 2052 2102 statum
2120 2035 2432 2102 ordinare
2493 2036 2842 2100 decentem
2902 2037 2974 2097 et

580 2147 811 2204 earum'
856 2138 1148 2221 cuilibet,
1191 2141 1343 2204 dum
1391 2141 1809 2207 matrimonio
1853 2140 2206 2222 copulatae
2253 2139 2520 2221 fuerint,
2577 2157 2616 2204 a
2663 2138 2776 2203 die
2821 2155 2972 2202 con-

586 2253 952 2308 summatae
1000 2245 1297 2325 copulae,
1328 2243 1503 2310 infra
1533 2264 1731 2310 unum
1765 2264 2004 2311 annum
2039 2247 2502 2310 decurrentem
2535 2241 2869 2322 continuo,
2894 2242 2976 2306 de

578 2349 805 2412 decem
850 2347 1141 2413 millibus
1183 2367 1557 2415 marcarum
1586 2350 1852 2430 argenti
1883 2367 2264 2434 grossorum
2297 2346 2730 2428 Pragensium
2768 2363 2970 2428 paga-

578 2453 785 2518 menti
832 2452 1076 2534 regalis
1124 2453 1205 2519 de
1253 2453 1551 2535 pecuniis
1601 2456 1866 2535 bernae,
1916 2472 2084 2535 quae
2131 2457 2210 2525 ob
2261 2455 2538 2521 eandem
2585 2469 2853 2519 causam
2905 2450 2972 2517 in

580 2558 1039 2622 marchionatu
1086 2560 1433 2639 praedicto
1478 2560 1848 2625 instaurari
1894 2558 2185 2641 debebit,
2231 2560 2657 2640 tenebuntur,
2697 2563 2774 2622 ut
2799 2555 2974 2639 juris

580 2669 687 2725 est
734 2670 803 2726 et
850 2664 1249 2728 observatae
1298 2663 1818 2733 consuetudinis,
1867 2663 2241 2743 providere.

790 2800 969 2866 vm.
994 2800 1263 2867 Adiecit
1287 2804 1489 2866 etiam
1523 2804 1742 2868 dictus
1773 2801 1988 2867 frater
2019 2809 2249 2867 noster
2281 2810 2350 2867 et
2383 2801 2680 2866 dominus
2715 2803 2796 2866 de
2833 2802 2967 2866 sin-

578 2905 795 2986 gulari
819 2923 1088 2971 munere
1121 2906 1381 2985 gratiae
1415 2906 1727 2987 specialis
1760 2912 1832 2972 et
1863 2909 1942 2972 ob
1977 2907 2158 2972 illum
2193 2904 2606 2971 sinceritatis
2639 2902 2974 2983 affectum,

578 3027 706 3088 quo
754 3027 872 3073 nos
921 3010 1346 3089 prosequitur
1392 3007 1718 3093 favorose,
1765 3016 1838 3076 ut
1882 3011 2192 3091 quotiens
2238 3010 2457 3091 ipsum
2517 3012 2736 3092 (quem
2784 3008 2971 3075 Deus

580 3111 963 3196 custodiat),
1012 3114 1293 3180 heredes
1351 3121 1468 3179 aut
1514 3133 1935 3179 successores
1984 3115 2214 3194 ipsius,
2274 3132 2465 3195 reges
2533 3114 2620 3197 ss,
2669 3112 2970 3179 dominos

578 3230 863 3298 nostrOS,
910 3235 1041 3283 non
1086 3218 1341 3283 relictis
1390 3218 1736 3284 masculini
1785 3236 1983 3285 sexus
2046 3217 2421 3291 heredibus,
2483 3220 2570 3284 ab
2633 3217 2760 3282 hac
2821 3216 2972 3283 luce

580 3322 866 3402 migrare
913 3321 1347 3402 contingeret,
1396 3324 1565 3402 quod
1615 3327 1860 3387 extunc
1907 3339 2184 3406 regnum
2233 3322 2545 3387 Boemiae
2579 3319 2974 3404 praefatum,

582 3444 839 3491 necnon
886 3444 1111 3491 omnes
1158 3424 1571 3507 principatus
1619 3435 1690 3490 et
1737 3426 2043 3508 dominia,
2089 3444 2255 3505 quae
2303 3427 2389 3491 ad
2421 3424 2670 3491 dictum
2701 3443 2978 3507 regnum

582 3530 891 3595 Boemiae
937 3530 1297 3611 pertinent,
1344 3530 1730 3596 nominatim
1780 3532 2136 3597 comitatus
2188 3529 2794 3613 Lucemburgensis
2829 3549 2978 3596 cum

580 3633 880 3699 omnibus
927 3634 1065 3699 suis
1114 3632 1562 3714 pertinentiis,
1610 3636 1695 3698 ad
1744 3652 1880 3716 nOS‚
1928 3642 2046 3699 aut
2091 3635 2282 3699 nobis
2331 3650 2462 3700 non
2507 3632 2977 3716 existentibuS,

582 3738 861 3803 heredes
908 3744 1175 3804 nostros
1223 3738 1557 3819 legitimos
1619 3737 1968 3804 masculini
2026 3756 2245 3819 sexuS,
2303 3737 2644 3805 Moraviae
2691 3738 2978 3803 marchi-

582 3860 759 3923 oneS,
808 3845 1057 3923 absque
1105 3841 1435 3909 electione
1482 3842 1627 3908 sive
1677 3842 2130 3923 assumptione
2195 3842 2328 3907 alia
2375 3848 2444 3907 et
2493 3844 2748 3921 absque
2803 3842 2978 3907 diffi-

582 3945 833 4012 cultate
880 3947 1179 4027 qualibet
1225 3946 1641 4028 devolvatur,
1689 3955 1759 4011 et
1806 3947 1980 4026 quod
2027 3944 2104 4028 is,
2153 3947 2340 4013 cuius
2389 3952 2549 4010 tunc
2587 3946 2742 4029 jure
2783 3964 2977 4027 prae-

580 4050 718 4115 fato
768 4064 835 4115 et
879 4051 1133 4117 virtute
1182 4050 1658 4115 declarationis
1706 4049 2098 4131 praedictae
2147 4050 2477 4116 interesse
2511 4049 2876 4125 videbitur,
2909 4052 2976 4116 in

582 4155 891 4220 Boemiae
938 4173 1157 4235 regem
1205 4153 1450 4220 assumi
1498 4159 1569 4219 et
1614 4154 1919 4219 coronari
1981 4156 2244 4236 debeat,
2293 4154 2760 4235 impedimento
2820 4173 2979 4235 quo-

579 4259 746 4324 libet
792 4277 921 4323 non
969 4262 1311 4339 obstante3
1360 4258 1473 4337 qui
1518 4256 1803 4335 denique
1853 4257 2014 4323 dicti
2071 4260 2315 4323 domini
2361 4266 2430 4323 et
2476 4256 2710 4323 fratris
2757 4260 2980 4326 nostri

580 4364 913 4444 heredum,
950 4364 1381 4443 proheredum
1416 4362 1558 4427 sive
1590 4378 2047 4427 successorum
2075 4381 2362 4445 suorum,
2387 4380 2614 4444 regum
2641 4362 2978 4447 Boemiae,
