3288 4973
1331 366 1680 429 -91-

325 570 746 655 appendiciiS,
809 569 1162 656 magnifico
1225 571 1510 655 principi
1555 573 1616 639 d.
1663 573 1710 639 J
1713 571 1912 639 oanni
1956 571 2032 638 B.
2078 573 2149 636 et
2192 570 2266 636 P.
2309 567 2455 653 regi
2500 589 2581 636 ac
2626 567 2700 636 L.

327 675 547 760 comiti,
622 677 882 744 sororio
941 680 1172 742 nostro
1236 675 1598 762 carissimo,
1658 697 1779 760 pro
1848 674 2055 744 certis
2112 673 2307 742 bonis
2369 675 2520 742 aliis
2582 691 2703 756 per

325 778 518 861 ipsum
567 779 764 848 nobis
811 779 882 847 in
927 798 1135 865 regno
1181 779 1491 848 Boemiae
1538 799 1761 848 coram
1804 779 2031 846 multis
2094 781 2461 865 assignatis
2520 779 2700 861 prin-

327 885 590 970 cipibus,
656 883 1098 970 vendidimuS,
1165 884 1376 968 ipsam
1443 885 1590 970 sibi,
1652 885 2011 954 heredibus
2070 890 2140 952 et
2200 883 2699 952 successoribus
2764 945 2771 952 .

325 991 448 1058 suis
481 991 642 1075 ,iure
688 989 1099 1057 hereditario
1146 993 1385 1072 sponte
1431 994 1502 1056 et
1547 989 1763 1056 libere
1806 989 2231 1073 resignantes
2277 1009 2357 1057 ac
2402 988 2699 1073 renunti-

328 1101 504 1161 antes
551 1099 808 1178 nostre,
855 1094 1170 1161 heredum
1210 1112 1289 1159 ac
1321 1113 1778 1161 successorum
1810 1099 2183 1161 nostrorum
2215 1091 2495 1178 nomine,
2526 1093 2700 1160 omni

326 1199 618 1283 dominio,
665 1198 932 1282 actioni,
991 1198 1408 1283 impetitioni,
1466 1197 1590 1282 liti,
1641 1198 1796 1284 juri,
1856 1197 2073 1265 literis
2134 1203 2205 1264 et
2264 1196 2701 1280 adminiculi8‚

327 1323 476 1387 quae
543 1302 740 1370 nobis
806 1307 926 1369 aut
993 1303 1352 1370 heredibus
1419 1321 1538 1370 seu
1607 1301 2109 1370 successoribus
2176 1303 2443 1384 nostrie,
2508 1301 2699 1368 modo

325 1408 548 1488 quovis
594 1409 703 1477 vel
748 1425 834 1476 ex
878 1409 1098 1476 causis
1149 1408 1689 1492 quibuscumque,
1733 1411 2121 1490 competunt
2165 1406 2275 1474 vel
2322 1410 2700 1487 competere

327 1519 590 1594 possent
633 1515 706 1582 in
753 1515 1020 1582 eisdem.
1081 1513 1508 1598 Quapropter
1553 1513 1620 1580 C.
1667 1511 1745 1578 V.
1792 1511 2049 1593 apicem
2106 1513 2476 1594 adoramuS,
2543 1529 2698 1590 qua·

323 1625 508 1684 tenus
598 1619 846 1686 dictam
937 1617 1387 1684 venditionem
1467 1621 1761 1684 nostram
1856 1614 2221 1699 dignemini
2294 1617 2665 1698 approbare
2684 1665 2699 1690 ‚

326 1721 660 1791 civitatem
705 1724 916 1807 ipsam
962 1742 1109 1790 cum
1155 1723 1346 1788 bonis
1391 1721 1533 1788 suis
1579 1729 1651 1788 et
1695 1719 2129 1804 appendiciis,
2163 1726 2238 1786 ut
2269 1717 2698 1802 praedicitur,

327 1827 628 1910 omnibus,
673 1829 804 1912 ipsi
849 1828 1012 1912 regi,
1061 1825 1422 1894 heredibus
1482 1832 1553 1893 et
1605 1826 2109 1893 successoribus
2168 1823 2306 1892 suis
2365 1843 2445 1890 ac
2491 1840 2697 1907 regno

329 1931 622 2000 Boemiae
673 1937 1011 2019 perpetuo,
1057 1935 1138 2000 de
1183 1937 1372 1999 certa
1417 1935 1651 1998 nostra
1694 1930 2005 2015 sciencia,
2041 1931 2524 1998 confirmantes,

523 2065 675 2130 Dat.
695 2062 1148 2131 Vratislaviae
1171 2083 1227 2130 a.
1251 2063 1331 2129 D.
1360 2069 1546 2147 1329,
1569 2063 1679 2128 die
1704 2060 2120 2130 Inventionis
2148 2065 2426 2127 sanctae
2450 2058 2699 2128 Crucis.

523 2193 857 2280 (Ludewiq
901 2191 1038 2258 Rel.
1099 2192 1164 2260 V.
1208 2194 1354 2260 539.
1401 2231 1484 2240 —
1531 2191 1691 2259 Eme.
1739 2191 1864 2259 III.
1910 2190 2129 2277 1550.)

526 2387 632 2455 85.
678 2385 732 2455 J
733 2403 1017 2456 oannes
1061 2403 1200 2453 rex
1246 2382 1683 2454 Boleslaum
1729 2382 1993 2453 ducem
2038 2381 2569 2470 Lignicensem
2603 2381 2695 2450 de

333 2489 933 2575 possessionibus
981 2491 1144 2561 suis
1190 2486 1699 2576 he1·editatiiS‚
1730 2488 1906 2576 regi
1935 2488 2015 2559 in
2052 2488 2357 2558 feudum
2388 2484 2695 2571 oblat-ie,

335 2592 676 2666 infeudet.

1228 2684 1421 2769 1329,
1467 2686 1533 2752 9.
1580 2681 1784 2751 Maii.

521 2840 581 2893 A.
636 2840 774 2895 1329
836 2853 1024 2893 mense
1084 2838 1228 2894 Maio
1289 2838 1596 2909 BoleslauS,
1658 2838 1769 2893 dux
1820 2838 2048 2909 Slesiac,
2086 2837 2335 2893 dominus
2390 2834 2697 2907 BrigensiS,

338 2922 598 2979 civitatem
652 2924 889 2997 Lignicz
951 2940 1076 2981 cum
1127 2926 1240 2981 suis
1289 2924 1668 2995 pertinentiiS,
1724 2940 1889 2995 quam
1931 2944 1964 2981 a
1998 2926 2176 2981 fratre
2232 2941 2329 2981 suo
2387 2924 2697 2980 Wladislao

341 3006 518 3067 clerico
552 3012 607 3067 vi
645 3012 886 3069 abstulit
921 3018 982 3067 et
1019 3028 1152 3067 suae
1212 3012 1418 3068 dicioni
1479 3014 1745 3082 subdidit,
1796 3030 1829 3068 a
1863 3014 2079 3070 Joanne
2127 3028 2262 3083 rege
2304 3014 2430 3083 jure
2489 3011 2697 3066 feodali

339 3098 478 3163 quui
513 3107 734 3156 coactus
772 3100 1022 3170 suscepit
1059 3106 1120 3155 et
1154 3100 1226 3157 ad
1264 3102 1384 3171 ejus
1428 3100 1696 3169 obsequia
1740 3108 2013 3171 perpetuo
2066 3116 2189 3157 cum
2236 3100 2351 3155 suis
2401 3097 2697 3155 heredibus

339 3196 396 3235 80
423 3187 685 3243 astrinxi&
727 3189 908 3255 (Pulk.
945 3188 1147 3257 chron.)

517 3295 595 3360 In
615 3298 810 3379 gotes
829 3311 1070 3361 namen
1085 3294 1315 3362 Amen.
1340 3294 1491 3361 Wir
1509 3296 1556 3361 J
1557 3295 1765 3361 ohans
1793 3314 1920 3362 von
1949 3300 2141 3379 gotes
2164 3297 2467 3379 genaden
2486 3295 2697 3378 kunig

341 3412 408 3459 ze
445 3399 708 3465 Beheim
753 3400 889 3465 und
936 3418 1014 3466 ze
1059 3398 1268 3465 Polan
1312 3400 1448 3465 und
1495 3398 1652 3483 graf
1695 3418 1773 3465 ze
1834 3400 2312 3483 Lucemburch,
2372 3399 2695 3484 verjehen

345 3502 456 3567 und
511 3502 626 3573 tdn
684 3523 764 3571 ze
824 3504 1078 3572 wizzen
1135 3502 1314 3570 allen
1369 3506 1517 3587 den,
1577 3503 1685 3571 die
1747 3504 1937 3571 disen
1996 3504 2178 3571 brief
2228 3506 2469 3571 sehent
2512 3502 2695 3570 lesen

347 3605 480 3671 oder
517 3608 755 3675 horent
797 3608 1004 3691 lesen,
1051 3610 1176 3674 daz
1229 3608 1354 3675 wir
1412 3608 1533 3674 mit
1592 3610 1989 3675 bedachtem
2048 3612 2207 3693 mut,
2262 3610 2384 3675 mit
2430 3628 2696 3677 unserm

351 3714 522 3788 guten
578 3712 818 3796 willen,
877 3711 996 3779 mit
1055 3730 1337 3779 unserer
1395 3732 1634 3779 manne
1694 3721 1819 3797 rat,
1882 3714 2003 3781 mit
2062 3716 2210 3782 dem
2268 3715 2697 3799 hochgeporn

351 3808 589 3895 husten,
631 3818 800 3885 hern
845 3816 1268 3884 Bolezlawen
1311 3820 1681 3903 hertzogen
1725 3836 1855 3886 von
1902 3818 2165 3886 Slezien
2210 3823 2347 3887 und
2375 3819 2581 3886 herrn
2614 3840 2693 3889 ze

352 3912 618 4005 Lygnitz,
663 3924 816 3988 umb
863 3921 998 3987 alle
1039 3923 1287 3989 brache
1335 3924 1470 3990 und
1513 3923 1685 4007 krig,
1729 3923 1836 3990 die
1884 3923 2224 3990 zwischen
2267 3943 2392 3993 uns
2440 3927 2574 3992 und
2604 3924 2695 3991 im

355 4036 460 4086 von
495 4024 666 4091 siner
722 4027 971 4093 bruder
1027 4045 1280 4113 wegen,
1330 4028 1496 4093 hern
1541 4027 1901 4095 Heinrichs
1962 4031 2096 4095 und
2155 4031 2323 4096 hern
2385 4030 2695 4112 Vlotken,

356 4118 672 4213 hertzogen
717 4148 851 4199 von
895 4130 1160 4199 Slezien
1205 4135 1340 4197 und
1385 4134 1630 4199 herren
1674 4152 1807 4200 von
1844 4134 2148 4217 Brezlab‚
2178 4134 2408 4201 bisher
2438 4140 2696 4219 gewert

355 4224 538 4296 haben
576 4238 724 4303 umb
771 4236 894 4301 daz
941 4234 1086 4302 lant
1130 4254 1208 4302 ze
1247 4236 1560 4321 Lygnitz,
1603 4239 1777 4304 burk
1808 4240 1944 4303 und
1974 4244 2136 4323 stat,
2167 4238 2487 4323 Haynow,
2521 4241 2694 4307 burk

361 4332 471 4395 und
508 4340 652 4421 stat,
694 4338 1064 4422 Goltperch
1112 4340 1220 4407 die
1265 4342 1473 4425 stadt,
1520 4344 1939 4427 Chotzenow,
1990 4344 2095 4412 die
2142 4344 2316 4410 burk
2354 4346 2485 4409 und
2518 4364 2691 4411 swas
