3288 4973
1442 390 1527 400 -——
1582 357 1833 418 134——

641 565 799 630 Cum
877 566 1101 631 autem
1176 562 1578 645 spoliatores
1653 578 2080 642 quoscunque
2163 562 2246 626 de
2323 577 2529 643 regno
2595 563 2822 624 nostro

437 666 507 734 in
564 673 786 734 terras
848 684 1402 748 quorumcumque
1464 665 1838 748 principum
1898 664 2254 732 feudalium
2331 663 2574 730 domini
2647 667 2823 746 regis

442 770 753 838 Boemiae
814 771 1157 838 memorati
1220 769 1423 856 (quod
1490 769 1702 854 absit)
1767 769 2060 836 transire
2134 769 2548 852 contingeret
2613 769 2826 850 spolia

438 875 861 944 conmissuri:
907 875 1205 945 volumus
1252 881 1324 942 et
1366 876 1754 941 mandamus
1801 891 1922 955 per
1966 873 2302 956 principes
2339 877 2410 939 et
2439 872 2820 953 capitaneos

437 980 627 1064 regni
688 980 902 1048 nostri
976 982 1242 1045 eosdem
1318 978 1687 1046 efficaciter
1745 977 2034 1059 inpediri
2101 981 2172 1044 et
2237 976 2297 1044 si
2363 975 2507 1043 fieri
2574 977 2824 1059 poterit

439 1083 767 1167 detineri3
836 1083 1129 1164 alioquin
1196 1085 1481 1165 dampna
1549 1101 1672 1164 per
1739 1081 2140 1164 spoliatores
2211 1079 2576 1148 huiusmodi
2641 1079 2824 1148 facta

435 1187 702 1269 ipsimet
744 1188 948 1254 laesis
994 1189 1077 1254 de
1110 1187 1375 1269 proprio
1407 1186 1739 1253 resarcire
1772 1186 2128 1253 debebunt.
2161 1185 2301 1268 Ipsi
2328 1189 2550 1252 autem
2583 1185 2819 1268 spolia·

438 1295 621 1358 tores
686 1290 757 1358 in
822 1292 1045 1375 regnis
1124 1291 1440 1359 Boemiae
1499 1295 1570 1357 et
1630 1289 1950 1357 Poloniae
2019 1295 2091 1356 et
2151 1289 2220 1355 in
2267 1289 2566 1356 omnibus
2621 1288 2820 1357 terris

435 1395 720 1462 omnium
764 1395 1135 1479 principum
1179 1395 1448 1479 regibus
1504 1393 1826 1461 subiectis
1875 1400 1945 1460 et
1989 1393 2511 1461 adhaerentibus
2571 1393 2818 1461 eisdem

438 1499 807 1566 efficaciter
872 1500 1011 1567 sint
1078 1499 1458 1582 proscripti.
1528 1498 1671 1582 Ipsi
1740 1517 2003 1580 quoque
2074 1498 2286 1564 eciam
2361 1503 2512 1579 post
2583 1497 2828 1564 factam

436 1605 777 1671 emendam
825 1606 906 1671 de
952 1604 1184 1686 spoliis
1224 1604 1604 1671 memoratis
1653 1608 1988 1684 tamquam
2038 1604 2404 1686 degeneres
2452 1609 2524 1669 et
2549 1601 2826 1668 infames

432 1705 501 1773 in
569 1713 931 1792 conspectu
1000 1709 1285 1776 omnium
1361 1707 1732 1792 principum
1817 1713 1888 1774 et
1951 1709 2271 1774 bonorum
2346 1707 2614 1789 penitus
2687 1707 2824 1772 sint

432 1811 681 1880 abiecti
744 1818 812 1880 et
876 1832 1005 1880 vox
1069 1831 1295 1879 eorum
1361 1818 1698 1894 tamquam
1765 1811 2033 1880 funesta
2095 1817 2165 1880 et
2231 1813 2516 1894 reproba
2583 1815 2817 1877 contra

438 1915 763 1982 neminem
808 1916 1139 1983 audiatur.
1771 1947 1774 1950 ·

641 2019 814 2086 Illud
854 2020 1057 2086 etiam
1105 2020 1491 2102 specialiter
1535 2023 1915 2088 ordinamus
1960 2025 2032 2087 et
2064 2019 2506 2104 promittimus
2546 2019 2818 2089 inviola-

430 2122 656 2190 biliter
704 2126 1083 2208 obseruare,
1130 2127 1303 2207 quod
1336 2127 1729 2207 quicumque
1761 2125 2153 2194 notabiliter
2180 2123 2539 2207 proscripti
2567 2123 2819 2190 fuerint

433 2226 541 2295 vel
587 2227 655 2293 in
699 2247 902 2312 regno
948 2228 1351 2313 Hungariae,
1398 2231 1715 2297 Poloniae
1759 2235 1879 2296 aut
1927 2231 2235 2296 Boemiae
2281 2248 2401 2296 seu
2445 2229 2646 2295 terris
2697 2228 2816 2294 ali-

428 2331 666 2414 quibus
688 2332 1059 2415 principum
1083 2333 1333 2400 eisdem
1356 2335 1803 2402 subiectorum
1833 2339 1954 2400 aut
1985 2334 2491 2400 adhaerentium
2529 2333 2810 2399 eisdem:

428 2436 497 2502 in
572 2437 873 2504 omnibus
947 2437 1145 2505 dictis
1222 2439 1444 2524 regnis
1514 2443 1583 2506 et
1651 2439 1854 2507 terris
1922 2458 2042 2522 pro
2119 2437 2512 2521 proscriptis
2584 2436 2818 2504 haberi

430 2543 782 2626 debebunt,
842 2543 940 2609 sic
986 2545 1162 2624 quod
1206 2562 1350 2611 cum
1411 2546 1483 2612 in
1536 2546 1758 2626 aliquo
1817 2545 2108 2611 locorum
2169 2544 2813 2626 praenominatorum

426 2645 667 2727 aliquis
743 2632 897 2713 talis
972 2652 1280 2730 repertus
1366 2648 1587 2733 fuerit,
1679 2668 1828 2715 mox
1903 2650 1972 2714 in
2046 2650 2262 2731 ipsum
2337 2653 2668 2728 tamquam
2742 2646 2812 2713 in

430 2750 755 2817 hominem
802 2750 975 2817 omni
1014 2752 1167 2837 jure
1213 2751 1551 2835 privatum
1596 2752 1771 2819 ulcio
1815 2752 2052 2819 ultima
2098 2753 2346 2819 habeat
2385 2751 2700 2817 exerceri.

629 2854 709 2921 In
751 2873 1029 2936 quorum
1073 2858 1359 2923 omnium
1395 2857 1842 2924 testimonium
1879 2863 2301 2939 praesentem
2331 2856 2627 2923 litteram
2665 2856 2812 2923 fieri

423 2962 493 3025 et
538 2958 751 3025 nostri
798 2959 997 3042 sigilli
1043 2960 1398 3027 munimine
1447 2962 1851 3029 communiri.

642 3098 886 3166 Actum
940 3104 1012 3166 et
1055 3102 1281 3166 dat-um
1326 3100 1396 3168 in
1445 3100 1874 3184 Wissegrado
1920 3102 1989 3167 in
2029 3102 2324 3185 Vngaria
2369 3102 2477 3168 die
2519 3102 2808 3169 Sanctae

426 3199 787 3269 Elizabeth
841 3222 900 3269 a.
946 3204 1025 3269 D.
1076 3210 1261 3272 1335.

628 3338 966 3427 (Ludewiq
1009 3340 1349 3427 Reliquiae
1398 3342 1460 3411 V.
1492 3382 1577 3393 —
1612 3342 1792 3430 Chyt.
1849 3344 1984 3415 VII.
2024 3346 2128 3415 91.
2157 3382 2246 3394 —
2275 3342 2460 3412 End:
2482 3342 2594 3414 IV.
2638 3342 2816 3430 223.)

629 3560 782 3627 119.
860 3556 1179 3629 Carolus
1248 3559 1688 3647 Hungariae
1751 3582 1890 3632 rex
1961 3564 2292 3632 testatur
2357 3560 2806 3632 renuntiati·

422 3680 637 3731 onem
682 3662 1069 3733 Polom'ae.

1322 3753 1517 3842 1335,
1567 3756 1674 3821 19.
1723 3752 1909 3823 Nov.

622 3887 757 3955 Nos
818 3890 1091 3957 Carolus
1147 3892 1209 3957 D
1270 3910 1367 3977 gr.
1430 3910 1549 3959 rex
1608 3894 2000 3977 Hungariae
2063 3895 2414 3962 memoriae
2477 3914 2798 3963 commen-

412 3993 671 4073 danteS,
715 3998 947 4060 tenore
995 3998 1449 4075 praesentium
1496 3996 1963 4082 significamuS,
2021 4000 2260 4079 quibus
2321 3999 2611 4083 expedit,
2655 3999 2800 4065 uni-

414 4094 649 4179 uersis,
707 4097 901 4178 quod,
962 4098 1117 4177 quia
1183 4098 1465 4165 illustris
1526 4100 1857 4187 princeps,
1911 4104 2210 4171 dominus
2265 4106 2312 4172 J
2315 4105 2628 4188 ohannes,
2681 4122 2804 4185 per

414 4202 689 4267 eandem
748 4218 865 4265 rex
933 4202 1264 4285 Boemiae,
1325 4202 1539 4271 frater
1599 4212 1831 4273 noster
1890 4208 2291 4291 carissimuS‚
2351 4226 2506 4275 suas
2567 4207 2801 4276 literas

413 4303 879 4388 privilegiatas
926 4322 1127 4388 snper
1179 4308 1686 4376 renunciatione
1747 4310 1912 4379 iuris
1973 4319 2042 4379 et
2103 4312 2288 4380 tituli
2347 4313 2546 4398 regis,
2607 4313 2800 4399 regni
