<?xml version="1.0" encoding="UTF-8"?>
<!DOCTYPE html PUBLIC "-//W3C//DTD XHTML 1.0 Transitional//EN"
    "http://www.w3.org/TR/xhtml1/DTD/xhtml1-transitional.dtd">
<html xmlns="http://www.w3.org/1999/xhtml" xml:lang="en" lang="en">
 <head>
  <title>
</title>
<meta http-equiv="Content-Type" content="text/html;charset=utf-8" />
  <meta name='ocr-system' content='tesseract 3.04.00' />
  <meta name='ocr-capabilities' content='ocr_page ocr_carea ocr_par ocr_line ocrx_word'/>
</head>
<body>
  <div class='ocr_page' id='page_1' title='image "./codexjurisbohem00bohegoog_0207.png"; bbox 0 0 3288 4973; ppageno 0'>
   <div class='ocr_carea' id='block_1_1' title="bbox 1370 334 1762 407">
    <p class='ocr_par' dir='ltr' id='par_1_1' title="bbox 1370 334 1762 407">
     <span class='ocr_line' id='line_1_1' title="bbox 1370 334 1762 407; baseline -0.008 0"><span class='ocrx_word' id='word_1_1' title='bbox 1370 334 1762 407; x_wconf 76' lang='lat'><strong>-193-</strong></span> 
     </span>
    </p>
   </div>
   <div class='ocr_carea' id='block_1_2' title="bbox 348 541 2763 2618">
    <p class='ocr_par' dir='ltr' id='par_1_2' title="bbox 358 541 2763 949">
     <span class='ocr_line' id='line_1_2' title="bbox 358 541 2759 633; baseline 0.002 -22"><span class='ocrx_word' id='word_1_2' title='bbox 358 556 555 615; x_wconf 85' lang='lat' dir='ltr'><strong>onem</strong></span> <span class='ocrx_word' id='word_1_3' title='bbox 602 541 862 631; x_wconf 79' lang='lat' dir='ltr'>plenam</span> <span class='ocrx_word' id='word_1_4' title='bbox 908 546 1140 617; x_wconf 87' lang='lat' dir='ltr'><strong>damus</strong></span> <span class='ocrx_word' id='word_1_5' title='bbox 1188 555 1258 616; x_wconf 91' lang='lat' dir='ltr'><strong>et</strong></span> <span class='ocrx_word' id='word_1_6' title='bbox 1304 548 1734 631; x_wconf 80' lang='lat' dir='ltr'><strong>relinquimus</strong></span> <span class='ocrx_word' id='word_1_7' title='bbox 1781 548 1996 617; x_wconf 88' lang='lat' dir='ltr'><strong>eidem</strong></span> <span class='ocrx_word' id='word_1_8' title='bbox 2043 546 2304 617; x_wconf 86' lang='lat' dir='ltr'><strong>domino</strong></span> <span class='ocrx_word' id='word_1_9' title='bbox 2364 542 2510 633; x_wconf 84' lang='lat' dir='ltr'><strong>regi</strong></span> <span class='ocrx_word' id='word_1_10' title='bbox 2573 544 2759 617; x_wconf 86' lang='lat' dir='ltr'><strong>here-</strong></span> 
     </span>
     <span class='ocr_line' id='line_1_3' title="bbox 358 654 2762 739; baseline 0.001 -22"><span class='ocrx_word' id='word_1_11' title='bbox 358 654 557 720; x_wconf 81' lang='lat' dir='ltr'><strong>dibus</strong></span> <span class='ocrx_word' id='word_1_12' title='bbox 606 660 677 720; x_wconf 90' lang='lat' dir='ltr'><strong>et</strong></span> <span class='ocrx_word' id='word_1_13' title='bbox 722 657 1222 724; x_wconf 87' lang='lat' dir='ltr'><strong>successoribus</strong></span> <span class='ocrx_word' id='word_1_14' title='bbox 1255 656 1411 739; x_wconf 81' lang='lat' dir='ltr'><strong>suiS,</strong></span> <span class='ocrx_word' id='word_1_15' title='bbox 1458 657 1531 723; x_wconf 77' lang='lat' dir='ltr'><strong>B.</strong></span> <span class='ocrx_word' id='word_1_16' title='bbox 1564 655 1857 739; x_wconf 83' lang='lat' dir='ltr'><strong>regibuS,</strong></span> <span class='ocrx_word' id='word_1_17' title='bbox 1889 656 2240 737; x_wconf 86' lang='lat' dir='ltr'><strong>vendendi,</strong></span> <span class='ocrx_word' id='word_1_18' title='bbox 2275 654 2584 737; x_wconf 87' lang='lat' dir='ltr'><strong>donandi,</strong></span> <span class='ocrx_word' id='word_1_19' title='bbox 2615 676 2762 737; x_wconf 88' lang='lat' dir='ltr'><strong>per-</strong></span> 
     </span>
     <span class='ocr_line' id='line_1_4' title="bbox 360 757 2760 849; baseline 0.003 -28"><span class='ocrx_word' id='word_1_20' title='bbox 360 757 665 824; x_wconf 80' lang='lat' dir='ltr'>mutandi</span> <span class='ocrx_word' id='word_1_21' title='bbox 690 768 763 823; x_wconf 89' lang='lat' dir='ltr'><strong>et</strong></span> <span class='ocrx_word' id='word_1_22' title='bbox 784 762 1217 849; x_wconf 79' lang='lat' dir='ltr'>quovismodo</span> <span class='ocrx_word' id='word_1_23' title='bbox 1242 762 1373 829; x_wconf 90' lang='lat' dir='ltr'><strong>alio</strong></span> <span class='ocrx_word' id='word_1_24' title='bbox 1399 763 1508 829; x_wconf 87' lang='lat' dir='ltr'><strong>vel</strong></span> <span class='ocrx_word' id='word_1_25' title='bbox 1534 762 1742 827; x_wconf 84' lang='lat' dir='ltr'><strong>forma</strong></span> <span class='ocrx_word' id='word_1_26' title='bbox 1774 768 2088 845; x_wconf 84' lang='lat' dir='ltr'><strong>tanquam</strong></span> <span class='ocrx_word' id='word_1_27' title='bbox 2121 764 2203 827; x_wconf 89' lang='lat' dir='ltr'><strong>de</strong></span> <span class='ocrx_word' id='word_1_28' title='bbox 2238 764 2436 829; x_wconf 87' lang='lat' dir='ltr'><strong>rebus</strong></span> <span class='ocrx_word' id='word_1_29' title='bbox 2471 760 2760 842; x_wconf 89' lang='lat' dir='ltr'><strong>propriis</strong></span> 
     </span>
     <span class='ocr_line' id='line_1_5' title="bbox 359 862 2763 949; baseline 0.002 -22"><span class='ocrx_word' id='word_1_30' title='bbox 359 868 430 927; x_wconf 93' lang='lat' dir='ltr'><strong>et</strong></span> <span class='ocrx_word' id='word_1_31' title='bbox 480 862 915 931; x_wconf 78' lang='lat' dir='ltr'><strong>hereditariis</strong></span> <span class='ocrx_word' id='word_1_32' title='bbox 947 864 1257 949; x_wconf 85' lang='lat' dir='ltr'><strong>faciendi,</strong></span> <span class='ocrx_word' id='word_1_33' title='bbox 1292 884 1411 949; x_wconf 87' lang='lat' dir='ltr'><strong>pro</strong></span> <span class='ocrx_word' id='word_1_34' title='bbox 1444 864 1656 948; x_wconf 88' lang='lat' dir='ltr'><strong>ipsius</strong></span> <span class='ocrx_word' id='word_1_35' title='bbox 1689 872 1758 931; x_wconf 91' lang='lat' dir='ltr'><strong>et</strong></span> <span class='ocrx_word' id='word_1_36' title='bbox 1799 883 2020 931; x_wconf 91' lang='lat' dir='ltr'><strong>eorum</strong></span> <span class='ocrx_word' id='word_1_37' title='bbox 2053 866 2267 931; x_wconf 88' lang='lat' dir='ltr'><strong>lubitu</strong></span> <span class='ocrx_word' id='word_1_38' title='bbox 2301 871 2370 929; x_wconf 91' lang='lat' dir='ltr'><strong>et</strong></span> <span class='ocrx_word' id='word_1_39' title='bbox 2401 864 2763 933; x_wconf 85' lang='lat' dir='ltr'><strong>voluntate.</strong></span> 
     </span>
    </p>

    <p class='ocr_par' dir='ltr' id='par_1_3' title="bbox 348 968 2760 2618">
     <span class='ocr_line' id='line_1_6' title="bbox 570 968 2760 1054; baseline 0.001 -21"><span class='ocrx_word' id='word_1_40' title='bbox 570 968 1053 1037; x_wconf 87' lang='lat' dir='ltr'><strong>Promittentes</strong></span> <span class='ocrx_word' id='word_1_41' title='bbox 1129 989 1249 1054; x_wconf 88' lang='lat' dir='ltr'><strong>pro</strong></span> <span class='ocrx_word' id='word_1_42' title='bbox 1316 972 1507 1037; x_wconf 88' lang='lat' dir='ltr'><strong>nobis</strong></span> <span class='ocrx_word' id='word_1_43' title='bbox 1574 976 1646 1037; x_wconf 88' lang='lat' dir='ltr'><strong>et</strong></span> <span class='ocrx_word' id='word_1_44' title='bbox 1713 969 2070 1036; x_wconf 79' lang='lat' dir='ltr'><strong>heredibus</strong></span> <span class='ocrx_word' id='word_1_45' title='bbox 2145 970 2397 1039; x_wconf 85' lang='lat' dir='ltr'><strong>nostris</strong></span> <span class='ocrx_word' id='word_1_46' title='bbox 2459 969 2760 1051; x_wconf 83' lang='lat' dir='ltr'><strong>firmiter,</strong></span> 
     </span>
     <span class='ocr_line' id='line_1_7' title="bbox 354 1071 2755 1158; baseline 0.001 -21"><span class='ocrx_word' id='word_1_47' title='bbox 354 1071 653 1137; x_wconf 85' lang='lat' dir='ltr'><strong>fideliter</strong></span> <span class='ocrx_word' id='word_1_48' title='bbox 696 1080 767 1139; x_wconf 90' lang='lat' dir='ltr'><strong>et</strong></span> <span class='ocrx_word' id='word_1_49' title='bbox 811 1093 993 1158; x_wconf 88' lang='lat' dir='ltr'><strong>pure,</strong></span> <span class='ocrx_word' id='word_1_50' title='bbox 1034 1083 1267 1141; x_wconf 89' lang='lat' dir='ltr'><strong>contra</strong></span> <span class='ocrx_word' id='word_1_51' title='bbox 1312 1074 1684 1157; x_wconf 81' lang='lat' dir='ltr'><strong>praefatam</strong></span> <span class='ocrx_word' id='word_1_52' title='bbox 1738 1075 2162 1141; x_wconf 86' lang='lat' dir='ltr'><strong>donationem</strong></span> <span class='ocrx_word' id='word_1_53' title='bbox 2209 1084 2278 1140; x_wconf 80' lang='lat' dir='ltr'><strong>et</strong></span> <span class='ocrx_word' id='word_1_54' title='bbox 2325 1073 2755 1141; x_wconf 77' lang='lat' dir='ltr'><strong>traditionem</strong></span> 
     </span>
     <span class='ocr_line' id='line_1_8' title="bbox 358 1178 2754 1261; baseline 0.001 -20"><span class='ocrx_word' id='word_1_55' title='bbox 358 1182 665 1245; x_wconf 85' lang='lat' dir='ltr'><strong>nostram</strong></span> <span class='ocrx_word' id='word_1_56' title='bbox 712 1180 796 1245; x_wconf 90' lang='lat' dir='ltr'><strong>de</strong></span> <span class='ocrx_word' id='word_1_57' title='bbox 840 1180 1032 1245; x_wconf 88' lang='lat' dir='ltr'><strong>bonis</strong></span> <span class='ocrx_word' id='word_1_58' title='bbox 1079 1179 1441 1246; x_wconf 86' lang='lat' dir='ltr'><strong>antedictis</strong></span> <span class='ocrx_word' id='word_1_59' title='bbox 1490 1186 1559 1245; x_wconf 87' lang='lat' dir='ltr'><strong>et</strong></span> <span class='ocrx_word' id='word_1_60' title='bbox 1606 1196 1830 1245; x_wconf 89' lang='lat' dir='ltr'><strong>eorum</strong></span> <span class='ocrx_word' id='word_1_61' title='bbox 1879 1178 2328 1261; x_wconf 80' lang='lat' dir='ltr'><strong>pertinentiis,</strong></span> <span class='ocrx_word' id='word_1_62' title='bbox 2373 1178 2639 1260; x_wconf 89' lang='lat' dir='ltr'><strong>juribus</strong></span> <span class='ocrx_word' id='word_1_63' title='bbox 2685 1186 2754 1245; x_wconf 90' lang='lat' dir='ltr'><strong>et</strong></span> 
     </span>
     <span class='ocr_line' id='line_1_9' title="bbox 362 1278 2756 1369; baseline 0.002 -26"><span class='ocrx_word' id='word_1_64' title='bbox 362 1278 703 1347; x_wconf 82' lang='lat' dir='ltr'><strong>fructibus</strong></span> <span class='ocrx_word' id='word_1_65' title='bbox 780 1283 1283 1365; x_wconf 82' lang='lat' dir='ltr'><strong>praenomitatis</strong></span> <span class='ocrx_word' id='word_1_66' title='bbox 1354 1285 1656 1350; x_wconf 88' lang='lat' dir='ltr'><strong>omnibus</strong></span> <span class='ocrx_word' id='word_1_67' title='bbox 1723 1288 1956 1367; x_wconf 87' lang='lat' dir='ltr'><strong>ratam,</strong></span> <span class='ocrx_word' id='word_1_68' title='bbox 2039 1289 2298 1369; x_wconf 80' lang='lat' dir='ltr'><strong>gratam</strong></span> <span class='ocrx_word' id='word_1_69' title='bbox 2377 1288 2446 1349; x_wconf 90' lang='lat' dir='ltr'><strong>et</strong></span> <span class='ocrx_word' id='word_1_70' title='bbox 2503 1284 2756 1349; x_wconf 89' lang='lat' dir='ltr'><strong>firmam</strong></span> 
     </span>
     <span class='ocr_line' id='line_1_10' title="bbox 356 1386 2755 1470; baseline 0.002 -21"><span class='ocrx_word' id='word_1_71' title='bbox 356 1386 711 1466; x_wconf 88' lang='lat' dir='ltr'><strong>perpetuis</strong></span> <span class='ocrx_word' id='word_1_72' title='bbox 774 1393 1005 1454; x_wconf 88' lang='lat' dir='ltr'><strong>tenere</strong></span> <span class='ocrx_word' id='word_1_73' title='bbox 1057 1394 1127 1454; x_wconf 91' lang='lat' dir='ltr'><strong>et</strong></span> <span class='ocrx_word' id='word_1_74' title='bbox 1170 1407 1441 1455; x_wconf 87' lang='lat' dir='ltr'><strong>manere</strong></span> <span class='ocrx_word' id='word_1_75' title='bbox 1506 1390 1934 1470; x_wconf 84' lang='lat' dir='ltr'><strong>temporibus,</strong></span> <span class='ocrx_word' id='word_1_76' title='bbox 1993 1406 2116 1453; x_wconf 86' lang='lat' dir='ltr'><strong>nec</strong></span> <span class='ocrx_word' id='word_1_77' title='bbox 2177 1405 2461 1468; x_wconf 87' lang='lat' dir='ltr'><strong>unquam</strong></span> <span class='ocrx_word' id='word_1_78' title='bbox 2524 1394 2755 1453; x_wconf 86' lang='lat' dir='ltr'><strong>contra</strong></span> 
     </span>
     <span class='ocr_line' id='line_1_11' title="bbox 356 1490 2758 1573; baseline 0 -18"><span class='ocrx_word' id='word_1_79' title='bbox 356 1490 615 1571; x_wconf 80' lang='lat' dir='ltr'><strong>venire,</strong></span> <span class='ocrx_word' id='word_1_80' title='bbox 664 1508 783 1571; x_wconf 88' lang='lat' dir='ltr'><strong>per</strong></span> <span class='ocrx_word' id='word_1_81' title='bbox 826 1508 945 1557; x_wconf 91' lang='lat' dir='ltr'><strong>nos</strong></span> <span class='ocrx_word' id='word_1_82' title='bbox 994 1512 1073 1557; x_wconf 88' lang='lat' dir='ltr'><strong>ac</strong></span> <span class='ocrx_word' id='word_1_83' title='bbox 1120 1492 1315 1558; x_wconf 85' lang='lat' dir='ltr'><strong>alium</strong></span> <span class='ocrx_word' id='word_1_84' title='bbox 1367 1512 1483 1557; x_wconf 76' lang='lat' dir='ltr'><strong>seu</strong></span> <span class='ocrx_word' id='word_1_85' title='bbox 1516 1492 1684 1557; x_wconf 91' lang='lat' dir='ltr'><strong>alios</strong></span> <span class='ocrx_word' id='word_1_86' title='bbox 1716 1510 1974 1573; x_wconf 84' lang='lat' dir='ltr'><strong>quoque</strong></span> <span class='ocrx_word' id='word_1_87' title='bbox 2009 1494 2229 1573; x_wconf 82' lang='lat' dir='ltr'><strong>mod03</strong></span> <span class='ocrx_word' id='word_1_88' title='bbox 2283 1491 2758 1558; x_wconf 77' lang='lat' dir='ltr'><strong>renunciantes</strong></span> 
     </span>
     <span class='ocr_line' id='line_1_12' title="bbox 351 1592 2760 1677; baseline 0 -20"><span class='ocrx_word' id='word_1_89' title='bbox 351 1592 663 1673; x_wconf 86' lang='lat' dir='ltr'><strong>inprimis</strong></span> <span class='ocrx_word' id='word_1_90' title='bbox 708 1596 1007 1662; x_wconf 89' lang='lat' dir='ltr'><strong>omnibus</strong></span> <span class='ocrx_word' id='word_1_91' title='bbox 1056 1602 1125 1663; x_wconf 92' lang='lat' dir='ltr'><strong>et</strong></span> <span class='ocrx_word' id='word_1_92' title='bbox 1170 1598 1255 1661; x_wconf 87' lang='lat' dir='ltr'><strong>ad</strong></span> <span class='ocrx_word' id='word_1_93' title='bbox 1302 1598 1518 1662; x_wconf 85' lang='lat' dir='ltr'><strong>omnia</strong></span> <span class='ocrx_word' id='word_1_94' title='bbox 1566 1601 1635 1661; x_wconf 86' lang='lat' dir='ltr'><strong>et</strong></span> <span class='ocrx_word' id='word_1_95' title='bbox 1683 1616 1908 1663; x_wconf 75' lang='lat' dir='ltr'><strong>eorum</strong></span> <span class='ocrx_word' id='word_1_96' title='bbox 1953 1596 2229 1663; x_wconf 82' lang='lat' dir='ltr'><strong>cuilibet</strong></span> <span class='ocrx_word' id='word_1_97' title='bbox 2277 1597 2451 1661; x_wconf 89' lang='lat' dir='ltr'><strong>omni</strong></span> <span class='ocrx_word' id='word_1_98' title='bbox 2485 1595 2760 1677; x_wconf 85' lang='lat' dir='ltr'><strong>actioni,</strong></span> 
     </span>
     <span class='ocr_line' id='line_1_13' title="bbox 354 1697 2750 1783; baseline 0.001 -23"><span class='ocrx_word' id='word_1_99' title='bbox 354 1698 739 1779; x_wconf 79' lang='lat' dir='ltr'><strong>exceptioni</strong></span> <span class='ocrx_word' id='word_1_100' title='bbox 808 1697 943 1765; x_wconf 89' lang='lat' dir='ltr'><strong>doli</strong></span> <span class='ocrx_word' id='word_1_101' title='bbox 1010 1702 1185 1783; x_wconf 80' lang='lat' dir='ltr'><strong>mali,</strong></span> <span class='ocrx_word' id='word_1_102' title='bbox 1251 1720 1381 1767; x_wconf 89' lang='lat' dir='ltr'><strong>nou</strong></span> <span class='ocrx_word' id='word_1_103' title='bbox 1450 1708 1852 1782; x_wconf 81' lang='lat' dir='ltr'><strong>numeratae,</strong></span> <span class='ocrx_word' id='word_1_104' title='bbox 1923 1719 2052 1766; x_wconf 88' lang='lat' dir='ltr'><strong>non</strong></span> <span class='ocrx_word' id='word_1_105' title='bbox 2117 1701 2374 1768; x_wconf 86' lang='lat' dir='ltr'><strong>solutae</strong></span> <span class='ocrx_word' id='word_1_106' title='bbox 2429 1699 2750 1782; x_wconf 82' lang='lat' dir='ltr'><strong>pecuniae</strong></span> 
     </span>
     <span class='ocr_line' id='line_1_14' title="bbox 354 1800 2748 1889; baseline 0.002 -23"><span class='ocrx_word' id='word_1_107' title='bbox 354 1800 783 1885; x_wconf 83' lang='lat' dir='ltr'><strong>impetitioni‚</strong></span> <span class='ocrx_word' id='word_1_108' title='bbox 843 1805 1255 1872; x_wconf 81' lang='lat' dir='ltr'><strong>restitutioni</strong></span> <span class='ocrx_word' id='word_1_109' title='bbox 1308 1806 1371 1870; x_wconf 91' lang='lat' dir='ltr'><strong>in</strong></span> <span class='ocrx_word' id='word_1_110' title='bbox 1423 1807 1751 1889; x_wconf 84' lang='lat' dir='ltr'><strong>integrum</strong></span> <span class='ocrx_word' id='word_1_111' title='bbox 1813 1810 1884 1871; x_wconf 91' lang='lat' dir='ltr'><strong>et</strong></span> <span class='ocrx_word' id='word_1_112' title='bbox 1943 1804 2079 1869; x_wconf 87' lang='lat' dir='ltr'><strong>alio</strong></span> <span class='ocrx_word' id='word_1_113' title='bbox 2135 1805 2369 1884; x_wconf 81' lang='lat' dir='ltr'><strong>quovis</strong></span> <span class='ocrx_word' id='word_1_114' title='bbox 2432 1804 2748 1887; x_wconf 83' lang='lat' dir='ltr'><strong>suffragio</strong></span> 
     </span>
     <span class='ocr_line' id='line_1_15' title="bbox 348 1906 2753 1991; baseline 0.001 -20"><span class='ocrx_word' id='word_1_115' title='bbox 348 1906 547 1990; x_wconf 87' lang='lat' dir='ltr'><strong>juris,</strong></span> <span class='ocrx_word' id='word_1_116' title='bbox 596 1908 897 1974; x_wconf 86' lang='lat' dir='ltr'><strong>canonici</strong></span> <span class='ocrx_word' id='word_1_117' title='bbox 942 1909 1049 1976; x_wconf 85' lang='lat' dir='ltr'><strong>vel</strong></span> <span class='ocrx_word' id='word_1_118' title='bbox 1101 1908 1319 1975; x_wconf 89' lang='lat' dir='ltr'><strong>civilis</strong></span> <span class='ocrx_word' id='word_1_119' title='bbox 1364 1929 1443 1977; x_wconf 88' lang='lat' dir='ltr'><strong>ac</strong></span> <span class='ocrx_word' id='word_1_120' title='bbox 1492 1910 1692 1975; x_wconf 89' lang='lat' dir='ltr'><strong>etiam</strong></span> <span class='ocrx_word' id='word_1_121' title='bbox 1757 1908 2343 1991; x_wconf 85' lang='lat' dir='ltr'><strong>consuetudinarii,</strong></span> <span class='ocrx_word' id='word_1_122' title='bbox 2403 1926 2524 1989; x_wconf 88' lang='lat' dir='ltr'><strong>per</strong></span> <span class='ocrx_word' id='word_1_123' title='bbox 2583 1927 2753 1989; x_wconf 85' lang='lat' dir='ltr'><strong>quae</strong></span> 
     </span>
     <span class='ocr_line' id='line_1_16' title="bbox 358 2010 2756 2095; baseline 0.001 -20"><span class='ocrx_word' id='word_1_124' title='bbox 358 2010 471 2077; x_wconf 84' lang='lat' dir='ltr'><strong>vel</strong></span> <span class='ocrx_word' id='word_1_125' title='bbox 540 2028 764 2079; x_wconf 89' lang='lat' dir='ltr'><strong>eorum</strong></span> <span class='ocrx_word' id='word_1_126' title='bbox 824 2012 1107 2079; x_wconf 88' lang='lat' dir='ltr'><strong>alterum</strong></span> <span class='ocrx_word' id='word_1_127' title='bbox 1168 2016 1275 2081; x_wconf 80' lang='lat' dir='ltr'><strong>vel</strong></span> <span class='ocrx_word' id='word_1_128' title='bbox 1344 2014 1608 2095; x_wconf 85' lang='lat' dir='ltr'><strong>aliquod</strong></span> <span class='ocrx_word' id='word_1_129' title='bbox 1679 2014 1870 2081; x_wconf 87' lang='lat' dir='ltr'><strong>nobis</strong></span> <span class='ocrx_word' id='word_1_130' title='bbox 1937 2034 2018 2079; x_wconf 88' lang='lat' dir='ltr'><strong>ac</strong></span> <span class='ocrx_word' id='word_1_131' title='bbox 2083 2011 2438 2079; x_wconf 89' lang='lat' dir='ltr'><strong>heredibus</strong></span> <span class='ocrx_word' id='word_1_132' title='bbox 2506 2012 2756 2078; x_wconf 86' lang='lat' dir='ltr'><strong>nostris</strong></span> 
     </span>
     <span class='ocr_line' id='line_1_17' title="bbox 354 2116 2752 2202; baseline 0.001 -23"><span class='ocrx_word' id='word_1_133' title='bbox 354 2116 577 2197; x_wconf 84' lang='lat' dir='ltr'><strong>possit</strong></span> <span class='ocrx_word' id='word_1_134' title='bbox 619 2117 887 2197; x_wconf 85' lang='lat' dir='ltr'><strong>aliquod</strong></span> <span class='ocrx_word' id='word_1_135' title='bbox 934 2118 1318 2202; x_wconf 84' lang='lat' dir='ltr'><strong>suffragium</strong></span> <span class='ocrx_word' id='word_1_136' title='bbox 1365 2124 1664 2201; x_wconf 86' lang='lat' dir='ltr'><strong>tempore</strong></span> <span class='ocrx_word' id='word_1_137' title='bbox 1711 2118 2010 2199; x_wconf 90' lang='lat' dir='ltr'><strong>quolibet</strong></span> <span class='ocrx_word' id='word_1_138' title='bbox 2055 2116 2298 2200; x_wconf 82' lang='lat' dir='ltr'><strong>afferri,</strong></span> <span class='ocrx_word' id='word_1_139' title='bbox 2345 2117 2546 2182; x_wconf 85' lang='lat' dir='ltr'><strong>etiam</strong></span> <span class='ocrx_word' id='word_1_140' title='bbox 2579 2118 2638 2183; x_wconf 91' lang='lat' dir='ltr'><strong>si</strong></span> <span class='ocrx_word' id='word_1_141' title='bbox 2669 2120 2752 2182; x_wconf 89' lang='lat' dir='ltr'><strong>de</strong></span> 
     </span>
     <span class='ocr_line' id='line_1_18' title="bbox 356 2219 2752 2305; baseline 0.002 -24"><span class='ocrx_word' id='word_1_142' title='bbox 356 2220 457 2286; x_wconf 81' lang='lat' dir='ltr'><strong>eis</strong></span> <span class='ocrx_word' id='word_1_143' title='bbox 494 2219 603 2287; x_wconf 89' lang='lat' dir='ltr'><strong>vel</strong></span> <span class='ocrx_word' id='word_1_144' title='bbox 634 2238 855 2286; x_wconf 89' lang='lat' dir='ltr'><strong>eorum</strong></span> <span class='ocrx_word' id='word_1_145' title='bbox 887 2221 1109 2301; x_wconf 85' lang='lat' dir='ltr'><strong>aliquo</strong></span> <span class='ocrx_word' id='word_1_146' title='bbox 1142 2224 1235 2303; x_wconf 87' lang='lat' dir='ltr'><strong>fit,</strong></span> <span class='ocrx_word' id='word_1_147' title='bbox 1280 2224 1365 2288; x_wconf 87' lang='lat' dir='ltr'><strong>de</strong></span> <span class='ocrx_word' id='word_1_148' title='bbox 1396 2240 1525 2302; x_wconf 90' lang='lat' dir='ltr'><strong>quo</strong></span> <span class='ocrx_word' id='word_1_149' title='bbox 1558 2222 1625 2288; x_wconf 90' lang='lat' dir='ltr'><strong>in</strong></span> <span class='ocrx_word' id='word_1_150' title='bbox 1658 2240 1903 2305; x_wconf 87' lang='lat' dir='ltr'><strong>genere</strong></span> <span class='ocrx_word' id='word_1_151' title='bbox 1936 2222 2044 2287; x_wconf 87' lang='lat' dir='ltr'><strong>vel</strong></span> <span class='ocrx_word' id='word_1_152' title='bbox 2076 2220 2144 2286; x_wconf 90' lang='lat' dir='ltr'><strong>in</strong></span> <span class='ocrx_word' id='word_1_153' title='bbox 2176 2221 2399 2302; x_wconf 89' lang='lat' dir='ltr'><strong>specie</strong></span> <span class='ocrx_word' id='word_1_154' title='bbox 2433 2222 2516 2287; x_wconf 88' lang='lat' dir='ltr'><strong>de</strong></span> <span class='ocrx_word' id='word_1_155' title='bbox 2549 2224 2752 2288; x_wconf 86' lang='lat' dir='ltr'><strong>verbo</strong></span> 
     </span>
     <span class='ocr_line' id='line_1_19' title="bbox 354 2324 2752 2409; baseline 0.001 -22"><span class='ocrx_word' id='word_1_156' title='bbox 354 2326 441 2389; x_wconf 86' lang='lat' dir='ltr'><strong>ad</strong></span> <span class='ocrx_word' id='word_1_157' title='bbox 492 2325 767 2392; x_wconf 80' lang='lat' dir='ltr'><strong>verbum</strong></span> <span class='ocrx_word' id='word_1_158' title='bbox 814 2343 965 2392; x_wconf 89' lang='lat' dir='ltr'><strong>esse</strong></span> <span class='ocrx_word' id='word_1_159' title='bbox 1012 2333 1077 2389; x_wconf 92' lang='lat' dir='ltr'><strong>et</strong></span> <span class='ocrx_word' id='word_1_160' title='bbox 1128 2325 1271 2391; x_wconf 85' lang='lat' dir='ltr'><strong>fieri</strong></span> <span class='ocrx_word' id='word_1_161' title='bbox 1318 2326 1676 2408; x_wconf 84' lang='lat' dir='ltr'><strong>specialem</strong></span> <span class='ocrx_word' id='word_1_162' title='bbox 1709 2330 2014 2409; x_wconf 83' lang='lat' dir='ltr'><strong>oporteat</strong></span> <span class='ocrx_word' id='word_1_163' title='bbox 2049 2324 2480 2405; x_wconf 81' lang='lat' dir='ltr'><strong>mentionem3</strong></span> <span class='ocrx_word' id='word_1_164' title='bbox 2513 2325 2752 2405; x_wconf 83' lang='lat' dir='ltr'><strong>quibus</strong></span> 
     </span>
     <span class='ocr_line' id='line_1_20' title="bbox 352 2427 2750 2515; baseline 0.001 -23"><span class='ocrx_word' id='word_1_165' title='bbox 352 2427 657 2495; x_wconf 87' lang='lat' dir='ltr'><strong>omnibus</strong></span> <span class='ocrx_word' id='word_1_166' title='bbox 703 2438 771 2495; x_wconf 87' lang='lat' dir='ltr'><strong>et</strong></span> <span class='ocrx_word' id='word_1_167' title='bbox 818 2428 1099 2515; x_wconf 81' lang='lat' dir='ltr'><strong>singulis</strong></span> <span class='ocrx_word' id='word_1_168' title='bbox 1146 2446 1365 2497; x_wconf 86' lang='lat' dir='ltr'><strong>eorum</strong></span> <span class='ocrx_word' id='word_1_169' title='bbox 1415 2449 1564 2498; x_wconf 86' lang='lat' dir='ltr'><strong>esse</strong></span> <span class='ocrx_word' id='word_1_170' title='bbox 1612 2435 1682 2495; x_wconf 91' lang='lat' dir='ltr'><strong>et</strong></span> <span class='ocrx_word' id='word_1_171' title='bbox 1725 2429 2015 2514; x_wconf 81' lang='lat' dir='ltr'><strong>int-elligi</strong></span> <span class='ocrx_word' id='word_1_172' title='bbox 2049 2430 2348 2498; x_wconf 85' lang='lat' dir='ltr'><strong>volumus</strong></span> <span class='ocrx_word' id='word_1_173' title='bbox 2382 2448 2504 2511; x_wconf 86' lang='lat' dir='ltr'><strong>per</strong></span> <span class='ocrx_word' id='word_1_174' title='bbox 2535 2427 2750 2496; x_wconf 88' lang='lat' dir='ltr'><strong>omnia</strong></span> 
     </span>
     <span class='ocr_line' id='line_1_21' title="bbox 354 2533 2743 2618; baseline 0.001 -20"><span class='ocrx_word' id='word_1_175' title='bbox 354 2534 747 2614; x_wconf 86' lang='lat' dir='ltr'><strong>specialiter</strong></span> <span class='ocrx_word' id='word_1_176' title='bbox 790 2536 1197 2618; x_wconf 82' lang='lat' dir='ltr'><strong>derogatum,</strong></span> <span class='ocrx_word' id='word_1_177' title='bbox 1246 2537 1477 2602; x_wconf 86' lang='lat' dir='ltr'><strong>harum</strong></span> <span class='ocrx_word' id='word_1_178' title='bbox 1524 2541 1898 2603; x_wconf 88' lang='lat' dir='ltr'><strong>nostrarum</strong></span> <span class='ocrx_word' id='word_1_179' title='bbox 1933 2535 2313 2602; x_wconf 87' lang='lat' dir='ltr'><strong>testimonio</strong></span> <span class='ocrx_word' id='word_1_180' title='bbox 2345 2533 2743 2600; x_wconf 87' lang='lat' dir='ltr'><strong>litterarum.</strong></span> 
     </span>
    </p>
   </div>
   <div class='ocr_carea' id='block_1_3' title="bbox 568 2656 2744 2724">
    <p class='ocr_par' dir='ltr' id='par_1_4' title="bbox 568 2656 2744 2724">
     <span class='ocr_line' id='line_1_22' title="bbox 568 2656 2744 2724; baseline -0 -3"><span class='ocrx_word' id='word_1_181' title='bbox 568 2656 813 2722; x_wconf 87' lang='lat' dir='ltr'><strong>Datum</strong></span> <span class='ocrx_word' id='word_1_182' title='bbox 876 2659 941 2722; x_wconf 92' lang='lat' dir='ltr'><strong>in</strong></span> <span class='ocrx_word' id='word_1_183' title='bbox 1002 2657 1349 2724; x_wconf 78' lang='lat' dir='ltr'><strong>Olomiintz</strong></span> <span class='ocrx_word' id='word_1_184' title='bbox 1411 2659 1597 2724; x_wconf 75' lang='lat' dir='ltr'><strong>VIII.</strong></span> <span class='ocrx_word' id='word_1_185' title='bbox 1662 2658 1768 2723; x_wconf 91' lang='lat' dir='ltr'><strong>die</strong></span> <span class='ocrx_word' id='word_1_186' title='bbox 1825 2658 2069 2724; x_wconf 88' lang='lat' dir='ltr'><strong>mensis</strong></span> <span class='ocrx_word' id='word_1_187' title='bbox 2115 2656 2281 2723; x_wconf 88' lang='lat' dir='ltr'><strong>Julii</strong></span> <span class='ocrx_word' id='word_1_188' title='bbox 2327 2675 2383 2722; x_wconf 85' lang='lat' dir='ltr'><strong>a.</strong></span> <span class='ocrx_word' id='word_1_189' title='bbox 2429 2657 2510 2722; x_wconf 90' lang='lat' dir='ltr'><strong>D.</strong></span> <span class='ocrx_word' id='word_1_190' title='bbox 2562 2662 2744 2723; x_wconf 79' lang='grc'><strong>1339.</strong></span> 
     </span>
    </p>
   </div>
   <div class='ocr_carea' id='block_1_4' title="bbox 358 2776 2747 2969">
    <p class='ocr_par' dir='ltr' id='par_1_5' title="bbox 358 2776 2747 2969">
     <span class='ocr_line' id='line_1_23' title="bbox 566 2776 2747 2864; baseline 0.001 -23"><span class='ocrx_word' id='word_1_191' title='bbox 566 2777 1069 2864; x_wconf 68' lang='lat' dir='ltr'><strong>(Sommorsberq</strong></span> <span class='ocrx_word' id='word_1_192' title='bbox 1134 2779 1183 2845; x_wconf 91' lang='lat' dir='ltr'><strong>I.</strong></span> <span class='ocrx_word' id='word_1_193' title='bbox 1228 2817 1315 2828; x_wconf 92' lang='lat'><strong>—-</strong></span> <span class='ocrx_word' id='word_1_194' title='bbox 1361 2778 1664 2864; x_wconf 65' lang='lat' dir='ltr'><strong>Ludere-2⁸9</strong></span> <span class='ocrx_word' id='word_1_195' title='bbox 1733 2779 1798 2846; x_wconf 87' lang='lat' dir='ltr'><strong>V.</strong></span> <span class='ocrx_word' id='word_1_196' title='bbox 1854 2816 1937 2826; x_wconf 92' lang='lat'><strong>—</strong></span> <span class='ocrx_word' id='word_1_197' title='bbox 2001 2776 2218 2863; x_wconf 72' lang='lat' dir='ltr'><strong>Chytil</strong></span> <span class='ocrx_word' id='word_1_198' title='bbox 2287 2777 2428 2844; x_wconf 91' lang='lat' dir='ltr'><strong><em>VII.</em></strong></span> <span class='ocrx_word' id='word_1_199' title='bbox 2474 2778 2618 2843; x_wconf 84' lang='lat'><strong><em>244.</em></strong></span> <span class='ocrx_word' id='word_1_200' title='bbox 2667 2813 2747 2824; x_wconf 88' lang='lat'><em>-</em></span> 
     </span>
     <span class='ocr_line' id='line_1_24' title="bbox 358 2881 969 2969; baseline 0.01 -25"><span class='ocrx_word' id='word_1_201' title='bbox 358 2881 575 2948; x_wconf 74' lang='lat' dir='ltr'><strong>Emlcr</strong></span> <span class='ocrx_word' id='word_1_202' title='bbox 620 2883 663 2944; x_wconf 93' lang='lat' dir='ltr'><em>I</em></span> <span class='ocrx_word' id='word_1_203' title='bbox 668 2881 731 2949; x_wconf 89' lang='lat' dir='ltr'><strong>V.</strong></span> <span class='ocrx_word' id='word_1_204' title='bbox 802 2883 969 2969; x_wconf 79' lang='lat'><em>710.)</em></span> 
     </span>
    </p>
   </div>
   <div class='ocr_carea' id='block_1_5' title="bbox 356 3001 2749 3684">
    <p class='ocr_par' dir='ltr' id='par_1_6' title="bbox 356 3001 2749 3684">
     <span class='ocr_line' id='line_1_25' title="bbox 566 3001 2728 3072; baseline -0.001 -16"><span class='ocrx_word' id='word_1_205' title='bbox 566 3001 846 3068; x_wconf 79' lang='lat' dir='ltr'><strong>Nicolans‚</strong></span> <span class='ocrx_word' id='word_1_206' title='bbox 897 3004 1003 3057; x_wconf 73' lang='lat' dir='ltr'><strong>«lux</strong></span> <span class='ocrx_word' id='word_1_207' title='bbox 1059 3003 1303 3072; x_wconf 81' lang='lat' dir='ltr'><strong>Opaviae</strong></span> <span class='ocrx_word' id='word_1_208' title='bbox 1352 3003 1629 3070; x_wconf 50' lang='lat' dir='ltr'><strong>antiquum</strong></span> <span class='ocrx_word' id='word_1_209' title='bbox 1685 3005 1827 3058; x_wconf 80' lang='lat' dir='ltr'><strong>iilius</strong></span> <span class='ocrx_word' id='word_1_210' title='bbox 1879 3003 2149 3071; x_wconf 84' lang='lat' dir='ltr'><strong>quondam</strong></span> <span class='ocrx_word' id='word_1_211' title='bbox 2201 3001 2426 3056; x_wconf 82' lang='lat' dir='ltr'><strong>Otacari</strong></span> <span class='ocrx_word' id='word_1_212' title='bbox 2465 3002 2538 3059; x_wconf 86' lang='grc' dir='ltr'><strong>ΙΙ.</strong></span> <span class='ocrx_word' id='word_1_213' title='bbox 2576 3001 2728 3070; x_wconf 79' lang='lat' dir='ltr'><strong>regis</strong></span> 
     </span>
     <span class='ocr_line' id='line_1_26' title="bbox 357 3087 2735 3159; baseline -0.002 -15"><span class='ocrx_word' id='word_1_214' title='bbox 357 3090 707 3159; x_wconf 81' lang='lat' dir='ltr'><strong>illegitimus,</strong></span> <span class='ocrx_word' id='word_1_215' title='bbox 763 3106 923 3157; x_wconf 79' lang='lat' dir='ltr'><strong>quem</strong></span> <span class='ocrx_word' id='word_1_216' title='bbox 977 3101 1137 3157; x_wconf 86' lang='lat' dir='ltr'><strong>pater</strong></span> <span class='ocrx_word' id='word_1_217' title='bbox 1202 3107 1279 3144; x_wconf 88' lang='lat' dir='ltr'><strong>ca.</strong></span> <span class='ocrx_word' id='word_1_218' title='bbox 1344 3106 1390 3144; x_wconf 78' lang='lat' dir='ltr'><strong>a.</strong></span> <span class='ocrx_word' id='word_1_219' title='bbox 1450 3093 1583 3147; x_wconf 80' lang='lat'>1269</span> <span class='ocrx_word' id='word_1_220' title='bbox 1638 3090 1855 3143; x_wconf 80' lang='lat' dir='ltr'><strong>fecerat</strong></span> <span class='ocrx_word' id='word_1_221' title='bbox 1911 3090 2104 3143; x_wconf 81' lang='lat' dir='ltr'><strong>ducem</strong></span> <span class='ocrx_word' id='word_1_222' title='bbox 2159 3088 2408 3157; x_wconf 75' lang='lat' dir='ltr'><strong>Opaviae</strong></span> <span class='ocrx_word' id='word_1_223' title='bbox 2464 3087 2735 3158; x_wconf 80' lang='lat' dir='ltr'><strong>regnique</strong></span> 
     </span>
     <span class='ocr_line' id='line_1_27' title="bbox 358 3175 2742 3246; baseline -0.001 -16"><span class='ocrx_word' id='word_1_224' title='bbox 358 3179 617 3232; x_wconf 77' lang='lat' dir='ltr'><strong>Boemiae</strong></span> <span class='ocrx_word' id='word_1_225' title='bbox 651 3177 925 3232; x_wconf 77' lang='lat' dir='ltr'><strong>vasallum</strong></span> <span class='ocrx_word' id='word_1_226' title='bbox 962 3177 1091 3246; x_wconf 77' lang='lat' dir='ltr'><strong>(vid.</strong></span> <span class='ocrx_word' id='word_1_227' title='bbox 1132 3177 1261 3232; x_wconf 84' lang='lat' dir='ltr'><strong>Ood.</strong></span> <span class='ocrx_word' id='word_1_228' title='bbox 1295 3177 1336 3244; x_wconf 88' lang='lat' dir='ltr'><strong>j.</strong></span> <span class='ocrx_word' id='word_1_229' title='bbox 1377 3177 1427 3230; x_wconf 93' lang='lat' dir='ltr'><strong>b.</strong></span> <span class='ocrx_word' id='word_1_230' title='bbox 1465 3178 1505 3230; x_wconf 94' lang='lat' dir='ltr'><strong>I.</strong></span> <span class='ocrx_word' id='word_1_231' title='bbox 1547 3193 1597 3230; x_wconf 89' lang='lat' dir='ltr'><strong>n.</strong></span> <span class='ocrx_word' id='word_1_232' title='bbox 1638 3179 1742 3244; x_wconf 85' lang='lat'>60),</span> <span class='ocrx_word' id='word_1_233' title='bbox 1783 3192 1924 3230; x_wconf 85' lang='lat' dir='ltr'><strong>anuo</strong></span> <span class='ocrx_word' id='word_1_234' title='bbox 1969 3178 2098 3230; x_wconf 79' lang='lat'>1281</span> <span class='ocrx_word' id='word_1_235' title='bbox 2141 3181 2386 3230; x_wconf 86' lang='lat' dir='ltr'><strong>castrum</strong></span> <span class='ocrx_word' id='word_1_236' title='bbox 2435 3175 2742 3242; x_wconf 83' lang='lat' dir='ltr'><strong>Edelsteyn</strong></span> 
     </span>
     <span class='ocr_line' id='line_1_28' title="bbox 360 3261 2744 3332; baseline -0.001 -15"><span class='ocrx_word' id='word_1_237' title='bbox 360 3279 481 3318; x_wconf 86' lang='lat' dir='ltr'><strong>cum</strong></span> <span class='ocrx_word' id='word_1_238' title='bbox 555 3263 831 3332; x_wconf 79' lang='lat' dir='ltr'><strong>suburbio,</strong></span> <span class='ocrx_word' id='word_1_239' title='bbox 887 3263 1029 3330; x_wconf 83' lang='lat' dir='ltr'><strong>quod</strong></span> <span class='ocrx_word' id='word_1_240' title='bbox 1085 3261 1457 3332; x_wconf 83' lang='lat' dir='ltr'><strong>Zukemantil,</strong></span> <span class='ocrx_word' id='word_1_241' title='bbox 1518 3263 1778 3331; x_wconf 87' lang='lat' dir='ltr'><strong>episcopo</strong></span> <span class='ocrx_word' id='word_1_242' title='bbox 1833 3262 2258 3318; x_wconf 82' lang='lat' dir='ltr'><strong>Vratislaviensi</strong></span> <span class='ocrx_word' id='word_1_243' title='bbox 2317 3263 2633 3316; x_wconf 85' lang='lat' dir='ltr'><strong>contulerat</strong></span> <span class='ocrx_word' id='word_1_244' title='bbox 2689 3261 2744 3315; x_wconf 91' lang='lat' dir='ltr'><strong>in</strong></span> 
     </span>
     <span class='ocr_line' id='line_1_29' title="bbox 356 3349 2749 3420; baseline -0 -17"><span class='ocrx_word' id='word_1_245' title='bbox 356 3367 771 3420; x_wconf 82' lang='lat' dir='ltr'><strong>recompensam</strong></span> <span class='ocrx_word' id='word_1_246' title='bbox 808 3353 1141 3420; x_wconf 78' lang='lat' dir='ltr'><strong>damnorum,</strong></span> <span class='ocrx_word' id='word_1_247' title='bbox 1200 3367 1339 3416; x_wconf 82' lang='lat' dir='ltr'><strong>quae</strong></span> <span class='ocrx_word' id='word_1_248' title='bbox 1398 3349 1730 3419; x_wconf 84' lang='lat' dir='ltr'><strong>episcopalis</strong></span> <span class='ocrx_word' id='word_1_249' title='bbox 1785 3349 2022 3405; x_wconf 84' lang='lat' dir='ltr'><strong>ecclesia</strong></span> <span class='ocrx_word' id='word_1_250' title='bbox 2073 3351 2124 3405; x_wconf 89' lang='lat' dir='ltr'><strong>S.</strong></span> <span class='ocrx_word' id='word_1_251' title='bbox 2162 3349 2394 3404; x_wconf 88' lang='lat' dir='ltr'><strong>Joannis</strong></span> <span class='ocrx_word' id='word_1_252' title='bbox 2451 3349 2749 3402; x_wconf 84' lang='lat' dir='ltr'><strong>Wratisla-</strong></span> 
     </span>
     <span class='ocr_line' id='line_1_30' title="bbox 360 3436 2740 3506; baseline -0.001 -16"><span class='ocrx_word' id='word_1_253' title='bbox 360 3439 567 3494; x_wconf 77' lang='lat' dir='ltr'><strong>viensis</strong></span> <span class='ocrx_word' id='word_1_254' title='bbox 603 3453 809 3506; x_wconf 81' lang='lat' dir='ltr'><strong>guerra</strong></span> <span class='ocrx_word' id='word_1_255' title='bbox 842 3438 991 3492; x_wconf 83' lang='lat' dir='ltr'><strong>inter</strong></span> <span class='ocrx_word' id='word_1_256' title='bbox 1028 3438 1347 3506; x_wconf 79' lang='lat' dir='ltr'><strong>episcopum</strong></span> <span class='ocrx_word' id='word_1_257' title='bbox 1385 3445 1442 3491; x_wconf 93' lang='lat' dir='ltr'><strong>et</strong></span> <span class='ocrx_word' id='word_1_258' title='bbox 1482 3439 1743 3492; x_wconf 87' lang='lat' dir='ltr'><strong>Ottonem</strong></span> <span class='ocrx_word' id='word_1_259' title='bbox 1784 3439 1850 3490; x_wconf 89' lang='lat' dir='ltr'><strong>de</strong></span> <span class='ocrx_word' id='word_1_260' title='bbox 1887 3436 2126 3491; x_wconf 84' lang='lat' dir='ltr'><strong>Liuavia</strong></span> <span class='ocrx_word' id='word_1_261' title='bbox 2159 3443 2418 3490; x_wconf 83' lang='lat' dir='ltr'><strong>vertente</strong></span> <span class='ocrx_word' id='word_1_262' title='bbox 2447 3451 2614 3504; x_wconf 82' lang='lat' dir='ltr'><strong>passa</strong></span> <span class='ocrx_word' id='word_1_263' title='bbox 2641 3441 2740 3488; x_wconf 85' lang='lat' dir='ltr'><strong>est.</strong></span> 
     </span>
     <span class='ocr_line' id='line_1_31' title="bbox 360 3521 2746 3596; baseline -0.003 -15"><span class='ocrx_word' id='word_1_264' title='bbox 360 3529 615 3594; x_wconf 75' lang='lat' dir='ltr'><strong>lliploma</strong></span> <span class='ocrx_word' id='word_1_265' title='bbox 652 3543 817 3596; x_wconf 78' lang='lat' dir='ltr'><strong>super</strong></span> <span class='ocrx_word' id='word_1_266' title='bbox 854 3527 957 3579; x_wconf 87' lang='lat' dir='ltr'><strong>hoc</strong></span> <span class='ocrx_word' id='word_1_267' title='bbox 1012 3531 1362 3578; x_wconf 81' lang='lat' dir='ltr'><strong>exstructum</strong></span> <span class='ocrx_word' id='word_1_268' title='bbox 1418 3523 1608 3576; x_wconf 85' lang='lat' dir='ltr'><strong>datum</strong></span> <span class='ocrx_word' id='word_1_269' title='bbox 1666 3531 1754 3577; x_wconf 90' lang='lat' dir='ltr'><strong>est</strong></span> <span class='ocrx_word' id='word_1_270' title='bbox 1809 3523 1976 3577; x_wconf 79' lang='lat' dir='ltr'><strong>Nisae</strong></span> <span class='ocrx_word' id='word_1_271' title='bbox 2032 3539 2082 3578; x_wconf 83' lang='lat' dir='ltr'><strong>a.</strong></span> <span class='ocrx_word' id='word_1_272' title='bbox 2143 3526 2296 3592; x_wconf 82' lang='lat'>1281,</span> <span class='ocrx_word' id='word_1_273' title='bbox 2346 3521 2577 3577; x_wconf 82' lang='lat' dir='ltr'><strong>sabbato</strong></span> <span class='ocrx_word' id='word_1_274' title='bbox 2616 3527 2746 3576; x_wconf 81' lang='lat' dir='ltr'><strong>ante</strong></span> 
     </span>
     <span class='ocr_line' id='line_1_32' title="bbox 358 3611 2429 3684; baseline -0.002 -17"><span class='ocrx_word' id='word_1_275' title='bbox 358 3615 613 3684; x_wconf 83' lang='lat' dir='ltr'><strong>vigiliam</strong></span> <span class='ocrx_word' id='word_1_276' title='bbox 648 3615 821 3668; x_wconf 83' lang='lat' dir='ltr'><strong>nativ.</strong></span> <span class='ocrx_word' id='word_1_277' title='bbox 860 3613 907 3667; x_wconf 93' lang='lat' dir='ltr'><strong>b.</strong></span> <span class='ocrx_word' id='word_1_278' title='bbox 952 3611 1157 3666; x_wconf 79' lang='lat' dir='ltr'><strong>Mariae</strong></span> <span class='ocrx_word' id='word_1_279' title='bbox 1193 3611 1335 3678; x_wconf 84' lang='lat' dir='ltr'><strong>virg.</strong></span> <span class='ocrx_word' id='word_1_280' title='bbox 1375 3613 1441 3679; x_wconf 88' lang='grc'><strong>(6.</strong></span> <span class='ocrx_word' id='word_1_281' title='bbox 1486 3611 1663 3679; x_wconf 83' lang='lat' dir='ltr'><strong>Sept.)</strong></span> <span class='ocrx_word' id='word_1_282' title='bbox 1703 3641 1769 3649; x_wconf 90' lang='lat'>—</span> <span class='ocrx_word' id='word_1_283' title='bbox 1809 3614 2140 3679; x_wconf 59' lang='lat' dir='ltr'><strong>(Grankoyen</strong></span> <span class='ocrx_word' id='word_1_284' title='bbox 2179 3611 2250 3667; x_wconf 88' lang='grc' dir='ltr'><strong>ΙΙ,</strong></span> <span class='ocrx_word' id='word_1_285' title='bbox 2287 3614 2429 3665; x_wconf 74' lang='lat'><em>459.)</em></span> 
     </span>
    </p>
   </div>
   <div class='ocr_carea' id='block_1_6' title="bbox 365 3765 2741 3947">
    <p class='ocr_par' dir='ltr' id='par_1_7' title="bbox 365 3765 2741 3947">
     <span class='ocr_line' id='line_1_33' title="bbox 567 3765 2741 3852; baseline -0.003 -12"><span class='ocrx_word' id='word_1_286' title='bbox 567 3774 712 3841; x_wconf 83' lang='lat'><strong>173.</strong></span> <span class='ocrx_word' id='word_1_287' title='bbox 781 3771 1115 3839; x_wconf 74' lang='lat' dir='ltr'><strong>‚Ioannes</strong></span> <span class='ocrx_word' id='word_1_288' title='bbox 1179 3787 1311 3835; x_wconf 87' lang='lat' dir='ltr'><strong>rex</strong></span> <span class='ocrx_word' id='word_1_289' title='bbox 1369 3767 1681 3836; x_wconf 77' lang='lat' dir='ltr'><strong>Nic-olan</strong></span> <span class='ocrx_word' id='word_1_290' title='bbox 1747 3767 1921 3835; x_wconf 73' lang='lat' dir='ltr'><strong>duci</strong></span> <span class='ocrx_word' id='word_1_291' title='bbox 1991 3767 2323 3852; x_wconf 73' lang='lat' dir='ltr'><strong>Opaviac</strong></span> <span class='ocrx_word' id='word_1_292' title='bbox 2390 3765 2741 3835; x_wconf 85' lang='lat' dir='ltr'><strong>ducatum</strong></span> 
     </span>
     <span class='ocr_line' id='line_1_34' title="bbox 365 3871 1763 3947; baseline -0.004 -1"><span class='ocrx_word' id='word_1_293' title='bbox 365 3877 935 3947; x_wconf 76' lang='lat' dir='ltr'><strong>Ratiborensein</strong></span> <span class='ocrx_word' id='word_1_294' title='bbox 982 3873 1056 3941; x_wconf 84' lang='lat' dir='ltr'><strong>iu</strong></span> <span class='ocrx_word' id='word_1_295' title='bbox 1104 3871 1401 3940; x_wconf 70' lang='lat' dir='ltr'><strong>feodum</strong></span> <span class='ocrx_word' id='word_1_296' title='bbox 1448 3873 1763 3942; x_wconf 59' lang='lat' dir='ltr'><strong>(wilfert.</strong></span> 
     </span>
    </p>
   </div>
   <div class='ocr_carea' id='block_1_7' title="bbox 1271 3984 1841 4062">
    <p class='ocr_par' dir='ltr' id='par_1_8' title="bbox 1271 3984 1841 4062">
     <span class='ocr_line' id='line_1_35' title="bbox 1271 3984 1841 4062; baseline 0.002 -11"><span class='ocrx_word' id='word_1_297' title='bbox 1271 3987 1461 4062; x_wconf 80' lang='lat'>1339,</span> <span class='ocrx_word' id='word_1_298' title='bbox 1510 3989 1572 4054; x_wconf 81' lang='lat'><strong>9.</strong></span> <span class='ocrx_word' id='word_1_299' title='bbox 1622 3984 1841 4053; x_wconf 85' lang='lat' dir='ltr'><strong>Julii.</strong></span> 
     </span>
    </p>
   </div>
   <div class='ocr_carea' id='block_1_8' title="bbox 364 4099 2748 4506">
    <p class='ocr_par' dir='ltr' id='par_1_9' title="bbox 364 4099 2748 4506">
     <span class='ocr_line' id='line_1_36' title="bbox 567 4099 1874 4179; baseline -0.003 -13"><span class='ocrx_word' id='word_1_300' title='bbox 567 4103 911 4168; x_wconf 76' lang='lat' dir='ltr'><strong>‚Iohannes</strong></span> <span class='ocrx_word' id='word_1_301' title='bbox 960 4100 1036 4165; x_wconf 91' lang='lat' dir='ltr'><strong>D.</strong></span> <span class='ocrx_word' id='word_1_302' title='bbox 1084 4118 1176 4179; x_wconf 83' lang='lat' dir='ltr'><strong>gr.</strong></span> <span class='ocrx_word' id='word_1_303' title='bbox 1224 4099 1535 4164; x_wconf 85' lang='lat' dir='ltr'><strong>Boemiae</strong></span> <span class='ocrx_word' id='word_1_304' title='bbox 1584 4121 1701 4164; x_wconf 82' lang='lat' dir='ltr'><strong>rex</strong></span> <span class='ocrx_word' id='word_1_305' title='bbox 1751 4107 1874 4164; x_wconf 89' lang='lat' dir='ltr'><strong>etc.</strong></span> 
     </span>
     <span class='ocr_line' id='line_1_37' title="bbox 566 4203 2744 4286; baseline -0.004 -14"><span class='ocrx_word' id='word_1_306' title='bbox 566 4209 669 4274; x_wconf 76' lang='lat' dir='ltr'><strong>Ad</strong></span> <span class='ocrx_word' id='word_1_307' title='bbox 716 4205 1173 4274; x_wconf 83' lang='lat' dir='ltr'><strong>universorum</strong></span> <span class='ocrx_word' id='word_1_308' title='bbox 1238 4203 1440 4286; x_wconf 86' lang='lat' dir='ltr'><strong>igit-ur</strong></span> <span class='ocrx_word' id='word_1_309' title='bbox 1506 4205 1814 4270; x_wconf 84' lang='lat' dir='ltr'><strong>notitiam</strong></span> <span class='ocrx_word' id='word_1_310' title='bbox 1883 4203 2180 4271; x_wconf 84' lang='lat' dir='ltr'><strong>volumus</strong></span> <span class='ocrx_word' id='word_1_311' title='bbox 2250 4209 2484 4270; x_wconf 85' lang='lat' dir='ltr'><strong>tenore</strong></span> <span class='ocrx_word' id='word_1_312' title='bbox 2553 4220 2744 4284; x_wconf 83' lang='lat' dir='ltr'><strong>prae-</strong></span> 
     </span>
     <span class='ocr_line' id='line_1_38' title="bbox 364 4310 2748 4395; baseline -0.004 -15"><span class='ocrx_word' id='word_1_313' title='bbox 364 4312 569 4380; x_wconf 85' lang='lat' dir='ltr'><strong>sentis</strong></span> <span class='ocrx_word' id='word_1_314' title='bbox 656 4310 989 4395; x_wconf 83' lang='lat' dir='ltr'><strong>privilegii</strong></span> <span class='ocrx_word' id='word_1_315' title='bbox 1082 4311 1450 4392; x_wconf 76' lang='lat' dir='ltr'><strong>pervenire,</strong></span> <span class='ocrx_word' id='word_1_316' title='bbox 1542 4313 1714 4390; x_wconf 80' lang='lat' dir='ltr'><strong>quod</strong></span> <span class='ocrx_word' id='word_1_317' title='bbox 1806 4328 1922 4374; x_wconf 91' lang='lat' dir='ltr'><strong>nos</strong></span> <span class='ocrx_word' id='word_1_318' title='bbox 2001 4313 2198 4391; x_wconf 81' lang='lat' dir='ltr'><strong>grata</strong></span> <span class='ocrx_word' id='word_1_319' title='bbox 2289 4316 2358 4374; x_wconf 88' lang='lat' dir='ltr'><strong>et</strong></span> <span class='ocrx_word' id='word_1_320' title='bbox 2449 4311 2748 4389; x_wconf 87' lang='lat' dir='ltr'><strong>accepta,</strong></span> 
     </span>
     <span class='ocr_line' id='line_1_39' title="bbox 468 4407 2690 4506; baseline -0.006 -12"><span class='ocrx_word' id='word_1_321' title='bbox 468 4449 609 4494; x_wconf 69' lang='lat' dir='ltr'><strong>codex</strong></span> <span class='ocrx_word' id='word_1_322' title='bbox 630 4451 713 4506; x_wconf 71' lang='lat' dir='ltr'><strong>Jur.</strong></span> <span class='ocrx_word' id='word_1_323' title='bbox 746 4449 849 4492; x_wconf 83' lang='lat' dir='ltr'><strong>boh.</strong></span> <span class='ocrx_word' id='word_1_324' title='bbox 880 4449 933 4491; x_wconf 84' lang='lat' dir='ltr'><strong>u.</strong></span> <span class='ocrx_word' id='word_1_325' title='bbox 968 4455 1005 4490; x_wconf 82' lang='grc' dir='ltr'><strong>ι.</strong></span> <span class='ocrx_word' id='word_1_326' title='bbox 2351 4421 2359 4424; x_wconf 61' lang='grc'><em>”</em></span> <span class='ocrx_word' id='word_1_327' title='bbox 2473 4430 2538 4482; x_wconf 83' lang='grc'><strong>13</strong></span> <span class='ocrx_word' id='word_1_328' title='bbox 2685 4407 2690 4412; x_wconf 56' lang='grc'>’</span> 
     </span>
    </p>
   </div>
  </div>
 </body>
</html>
