3288 4973
1418 370 1810 431 -423-

412 574 531 637 sub
582 573 815 637 eodem
863 572 1259 654 juramentO,
1320 570 1692 639 deliberate
1759 567 2212 652 promittimus
2276 580 2663 651 perpetuam
2725 572 2822 639 di-

410 676 763 742 lectionem
812 682 883 740 et
927 673 1294 741 fraternam
1341 674 1700 743 amicitiam
1747 673 2008 740 cunctis
2056 674 2329 739 inantea
2373 672 2620 739 futuris
2657 682 2818 741 tem-

412 780 683 861 poribus
732 777 1213 845 inviolabiliter
1266 782 1648 862 observare,
1709 780 1884 845 sicut
1943 777 2088 860 ipse
2149 795 2348 843 versa
2411 779 2564 845 vice
2624 780 2816 845 nobis

410 885 533 949 sub
574 885 959 967 juramento
1006 884 1175 948 alias
1222 884 1402 949 facto
1450 886 1535 949 ad
1582 884 2122 951 observationem
2157 884 2516 949 earundem
2553 882 2815 949 dilecti-

410 988 555 1052 onis
601 994 673 1054 et
721 986 1059 1053 amicitiae
1112 994 1446 1072 teneatur,
1508 996 1710 1071 prout
1770 990 1836 1053 in
1897 986 2193 1066 antiquis
2240 985 2492 1052 litteris
2540 993 2812 1053 nostrae

411 1092 806 1158 concordiae
862 1092 1043 1157 inter
1104 1110 1223 1158 nos
1290 1100 1359 1157 et
1418 1111 1563 1159 eum
1644 1090 2002 1173 aliquoties
2082 1090 2465 1157 celebratae
2543 1090 2807 1172 plenius

410 1196 813 1261 continetur.

622 1300 939 1366 Promisit
984 1300 1187 1366 etiam
1236 1300 1457 1366 dictus
1505 1303 1565 1367 (1.
1612 1302 1991 1383 Imperator
2037 1300 2160 1363 sub
2201 1298 2582 1379 juramento
2640 1299 2806 1363 alias

412 1404 763 1485 praestito,
816 1407 989 1471 bona
1050 1404 1177 1470 fide
1240 1410 1310 1470 et
1370 1407 1515 1471 sine
1580 1406 1748 1486 dolo,
1809 1404 2000 1471 nobis
2063 1404 2389 1469 adversus
2450 1402 2812 1482 quemlibet

410 1507 741 1573 hominem
786 1512 857 1573 et
900 1507 1287 1575 nominatim
1334 1518 1569 1574 contra
1602 1507 1982 1575 cruciferos
2014 1510 2098 1573 de
2129 1508 2336 1571 Domo
2371 1506 2812 1589 Theutoniea,

408 1630 527 1678 seu
576 1613 780 1678 etiam
828 1620 1063 1677 contra
1109 1612 1408 1679 Bavares
1464 1624 1531 1678 et
1564 1630 1993 1693 quoscunque
2039 1611 2206 1677 alios
2239 1610 2308 1675 in
2341 1610 2804 1677 marchionatu

408 1717 1064 1798 Brandemburgensi
1110 1724 1475 1799 manentes,
1534 1718 1604 1784 in
1669 1718 1936 1799 propria
2000 1734 2306 1797 persona,
2361 1716 2419 1780 si
2467 1716 2806 1781 commode

406 1820 552 1887 fieri
600 1820 868 1902 poterit,
930 1822 1038 1886 vel
1099 1821 1168 1886 in
1230 1838 1517 1903 persona
1584 1820 1868 1889 illustris
1939 1818 2282 1903 principiS,
2351 1819 2410 1883 (1.
2471 1818 2808 1883 Johannis

409 1924 811 1989 marchionis
860 1924 1225 2006 Hormiae,
1255 1925 1489 1991 fratris
1522 1925 1624 1991 sui
1657 1924 2162 2005 secundogeniti
2199 1921 2422 1989 clarae
2453 1922 2808 1988 memoriae

410 2028 697 2095 illustris
744 2031 804 2093 d.
848 2029 1201 2113 Johannis‚
1265 2032 1591 2109 quondam
1661 2030 1839 2111 regis
1905 2028 2233 2108 Boemiae,
2297 2028 2626 2109 genitoris
2685 2027 2809 2109 sui,

410 2152 551 2199 cum
600 2133 1019 2215 sexingentis
1064 2133 1435 2199 hominibus
1500 2136 1789 2217 galeatis
1849 2134 2174 2199 assistere
2237 2140 2308 2197 et
2366 2130 2812 2197 amicabiliter

410 2238 801 2321 suffragari3
848 2237 960 2302 illo
1010 2238 1405 2318 praesertim
1454 2248 1770 2319 tempore,
1818 2256 1961 2303 cum
2007 2238 2206 2302 blada
2246 2242 2318 2301 et
2351 2241 2616 2316 segetes
2653 2241 2810 2300 sunt

408 2341 475 2407 in
526 2342 797 2422 campis
857 2340 945 2405 Et
1000 2341 1057 2405 si
1106 2342 1433 2423 quispiam
1494 2342 1903 2407 inimicorum
1968 2350 2126 2407 ante
2183 2350 2443 2421 tempus
2489 2338 2804 2403 messium

408 2462 805 2526 quocunque
854 2453 1151 2526 tempore
1213 2452 1433 2512 terras
1494 2452 1764 2512 nostras
1827 2446 2197 2520 invaderet,
2257 2445 2380 2510 sub
2437 2441 2804 2526 praemisso

396 2551 781 2633 juramento
850 2551 1100 2630 absque
1170 2550 1318 2616 dolo
1390 2551 1692 2632 promisit
1761 2557 1995 2616 contra
2067 2551 2382 2616 insultum
2449 2551 2804 2614 eorundem

408 2654 823 2720 inimicorum
868 2663 1245 2720 nostrorum
1294 2667 1437 2720 toto
1484 2674 1601 2720 suo
1651 2673 1846 2736 posse
1891 2673 2014 2723 nos
2061 2656 2404 2739 adjuvare.

620 2757 712 2822 Et
774 2757 833 2824 si
893 2759 1109 2838 prima
1170 2758 1280 2823 via
1342 2778 1489 2825 cum
1550 2760 1919 2826 hominibus
1983 2760 2233 2826 eisdem
2293 2777 2412 2824 nos
2472 2761 2801 2824 adversus

402 2861 710 2927 inimicos
756 2870 1021 2929 nostros
1069 2862 1315 2929 limites
1365 2863 1551 2944 regni
1597 2863 1810 2928 nostri
1860 2881 1986 2928 nou
2035 2881 2602 2944 recuperaremus,
2642 2867 2804 2926 tunc

406 2965 807 3030 secundario
861 2967 946 3030 ad
993 2967 1491 3046 requisitionem
1555 2978 1853 3034 nostram
1917 2967 2439 3049 quadringentos
2503 2963 2802 3048 galeatos

406 3066 596 3134 nobis
646 3068 989 3135 destinare
1036 3071 1340 3150 promisit
1388 3081 1458 3138 et
1504 3071 1850 3137 tenebitur
1895 3075 2016 3138 sub
2064 3071 2201 3136 suis
2246 3071 2522 3151 damniS,
2584 3087 2802 3152 sump-

404 3175 585 3238 tibus
634 3174 1083 3263 et-expensis
1127 3174 1225 3240 ita
1271 3181 1511 3256 tamen,
1558 3178 1732 3256 quod
1763 3195 1882 3242 nos
1921 3193 2039 3240 suo
2074 3175 2398 3241 exercitui
2432 3175 2805 3257 praedictO,

405 3277 717 3356 quamdiu
776 3277 845 3341 in
906 3297 1109 3359 regno
1174 3289 1400 3344 nostro
1468 3298 1714 3344 moram
1783 3278 2086 3362 traxerit,
2155 3280 2236 3344 de
2305 3279 2669 3344 esculentis
2719 3287 2791 3342 et

406 3380 779 3463 poculentis
824 3383 1199 3448 tenebimur
1244 3389 1315 3449 et
1362 3383 1808 3465 promittimus
1855 3384 2229 3464 providere.

612 3485 707 3550 Et
752 3486 809 3550 si
856 3483 1056 3568 (quod
1123 3505 1251 3552 non
1316 3489 1691 3572 speramus)
1757 3488 1968 3569 prima
2029 3497 2100 3552 et
2147 3489 2442 3552 secunda
2511 3487 2620 3551 via
2667 3504 2796 3551 non

402 3607 953 3670 recuperaremus
981 3590 1224 3656 limites
1251 3593 1541 3674 ejusdem
1579 3592 1767 3673 regni
1791 3593 2022 3672 nostri,
2048 3600 2204 3656 tunc
2229 3589 2435 3656 tertia
2462 3600 2531 3656 et
2557 3596 2799 3669 intarta

400 3693 552 3758 vice
600 3701 675 3759 et
718 3695 978 3774 quoties
1042 3713 1318 3761 necesse
1378 3695 1601 3774 fuerit,
1663 3697 1852 3762 nobis
1914 3699 2038 3761 sub
2091 3695 2472 3777 juramento
2537 3703 2606 3760 et
2667 3695 2797 3758 fide

400 3796 791 3878 praemissis
830 3798 1025 3880 juxta
1072 3817 1259 3864 suum
1305 3817 1501 3881 posse
1551 3799 1697 3864 sine
1744 3799 1892 3864 dolo
1942 3799 2296 3881 suffragari
2359 3798 2666 3878 promisit
2726 3803 2797 3864 et

398 3910 691 3982 tenetur,
738 3909 877 3967 tam
920 3900 1034 3967 diu
1076 3920 1437 3982 quousque,
1473 3910 1545 3967 ut
1578 3904 2008 3985 praedicitur,
2040 3920 2510 3983 recuperemus
2543 3902 2794 3968 limites

403 4006 593 4088 regni
642 4004 871 4070 nostri.

612 4109 870 4194 Quibus
931 4110 1353 4190 recuperatis
1420 4107 1722 4192 praefato
1794 4111 1849 4174 (1.
1921 4107 2318 4189 Imperatori
2379 4118 2447 4173 et
2508 4109 2656 4193 regi
2717 4111 2793 4176 B.

402 4213 725 4278 assistere
750 4222 821 4278 et
845 4219 1073 4278 astare
1096 4215 1475 4279 tenebimur
1498 4216 1826 4278 adversus
1852 4231 2106 4278 omnem
2139 4213 2484 4294 hominem,
2516 4223 2797 4296 excepto

400 4335 563 4399 rege
610 4317 1014 4398 Hungariae,
1059 4325 1259 4398 prout
1292 4318 1355 4382 in
1389 4317 1682 4397 antiquis
1715 4316 1965 4382 nostris
2000 4315 2217 4382 literis
2252 4325 2357 4382 est
2390 4335 2794 4398 expressum.
