3288 4973
1362 424 1752 485 —215—

340 632 424 691 et
467 627 825 711 Leopoldo,
885 628 1163 695 ducibus
1210 634 1281 695 et
1326 628 1682 695 heredibus
1743 629 2010 711 nostris,
2069 626 2349 693 firmiter
2415 628 2486 692 et
2543 643 2738 706 spon·

338 732 599 802 demus,
646 734 820 813 quod
866 734 923 797 si
971 733 1301 799 dominum
1347 734 1760 800 Ludovicum
1790 734 2284 814 Imperatorem,
2320 729 2740 813 magnificum

340 836 791 903 excellentem
817 836 1197 919 principem,
1221 839 1551 904 domiuum
1577 839 1900 914 Carolum,
1928 836 2272 904 Moraviae
2296 835 2740 901 marchionem

338 947 477 1005 aut
519 941 798 1007 heredes
845 941 1073 1025 ipsius,
1119 942 1301 1009 intra
1346 948 1561 1009 metas
1608 948 1678 1009 et
1721 942 1972 1008 limites
2019 946 2348 1007 terrarum
2409 944 2480 1005 et
2541 938 2742 1005 domi-

336 1044 609 1111 niorum
678 1064 943 1111 suorum
1012 1052 1081 1114 et
1148 1047 1363 1131 patris
1431 1048 1553 1129 sui,
1625 1045 1866 1113 domini
1934 1047 2118 1129 regis
2179 1043 2508 1125 Boemiae‚
2569 1060 2744 1108 nunc

336 1149 729 1216 habitorum
776 1156 845 1216 et
892 1153 1342 1218 habendorum
1388 1170 1503 1219 seu
1539 1151 2092 1231 acquirendorum
2125 1149 2507 1231 infuturum,
2537 1146 2743 1213 hosti-

336 1254 515 1321 liter
556 1273 751 1320 manu
797 1255 1053 1337 potenti
1103 1257 1490 1337 impugnare
1538 1274 1658 1323 seu
1705 1254 2208 1322 exercitualiter
2239 1253 2560 1320 invadere
2591 1268 2742 1316 con·

338 1358 605 1443 tingat:
676 1362 955 1425 eundem
1014 1360 1235 1442 ipsum
1307 1361 1635 1427 dominum
1696 1360 1999 1425 Carolum
2059 1364 2130 1425 et
2191 1359 2472 1425 heredes
2532 1357 2742 1438 ipsius

342 1466 591 1529 contra
614 1462 1181 1545 praenominatum
1214 1465 1624 1531 Ludovicum
1658 1464 1981 1531 adiuvare
2008 1462 2302 1529 volumus
2329 1467 2398 1526 et
2423 1467 2742 1541 tenemur,

341 1568 607 1634 eisdem
651 1568 952 1650 personis
1000 1578 1071 1635 et
1114 1572 1315 1636 rebus
1360 1568 1611 1635 nostris
1652 1572 1890 1635 adesse
1939 1566 2104 1633 totis
2136 1566 2388 1633 viribus
2420 1570 2492 1630 et
2523 1582 2742 1647 posse,

341 1672 533 1738 omni
577 1672 913 1753 dilatione,
945 1674 1434 1754 protestatione
1467 1679 1536 1741 et
1570 1670 2176 1757 procrastinatione
2211 1675 2476 1751 pemtus
2511 1669 2743 1751 procul

342 1776 571 1859 motis.
592 1778 1067 1858 quamprimum
1088 1798 1209 1859 per
1234 1796 1348 1845 eos
1370 1786 1491 1847 aut
1513 1779 1800 1859 aliquem
1825 1795 2046 1843 eorum
2073 1774 2380 1857 requisiti
2403 1774 2742 1857 fuerimuS,

340 1882 479 1947 sub
508 1880 817 1961 expensis
842 1882 1033 1963 panis
1059 1888 1129 1949 et
1149 1882 1287 1948 vini
1312 1900 1553 1965 eorum,
1584 1884 1706 1949 sed
1724 1879 2092 1964 dispendiis
2116 1898 2336 1946 rerum
2363 1884 2738 1945 nostrarum

340 1989 559 2066 atque
592 1985 879 2067 propriis
911 1986 1183 2053 damnis

560 2088 869 2157 Ceterum
914 2090 1039 2157 hoc
1088 2090 1288 2157 etiam
1326 2092 1658 2165 adiectum
1695 2092 2012 2174 volumuS‚
2043 2040 2532 2174 promittentes,
2564 2090 2738 2168 quod

336 2192 410 2259 si
456 2193 506 2258 ii
550 2193 660 2261 vel
706 2193 795 2277 hi,
840 2196 953 2275 qui
1000 2197 1081 2261 de
1128 2195 1317 2261 nobis
1349 2215 1469 2276 pro
1501 2194 1776 2263 ferendo
1811 2196 2106 2261 subsidio
2141 2192 2444 2276 praefato
2477 2190 2736 2258 domino

336 2298 585 2365 Carolo
630 2298 993 2365 marchioni
1042 2303 1111 2364 et
1154 2300 1513 2367 heredibus
1578 2300 1786 2383 ipsius
1852 2319 1972 2381 per
2018 2300 2233 2382 ipsum
2281 2301 2401 2363 aut
2448 2296 2738 2377 aliquem

336 2421 611 2469 suorum
658 2402 920 2469 evocati
966 2403 1219 2471 fuerint
1266 2407 1336 2469 et
1382 2404 1649 2471 evocati
1696 2407 1922 2471 certas
1971 2410 2210 2485 terras,
2260 2399 2738 2484 possessiones,

336 2512 575 2575 castra
647 2517 767 2575 aut
840 2507 1239 2575 munitiones
1309 2509 1378 2575 in
1447 2509 1822 2575 huiusmodi
1909 2508 2208 2575 servitiis
2283 2505 2738 2588 acquisierint,

342 2611 681 2692 acquisita
770 2611 914 2678 eius
998 2617 1214 2695 erunt,
1302 2615 1415 2694 qui
1492 2613 1659 2678 alios
1735 2630 1855 2679 seu
1932 2612 2131 2678 alium
2207 2629 2325 2694 pro
2405 2608 2736 2693 praesidio

346 2714 691 2798 evocavit3
768 2734 876 2782 res
952 2733 1113 2782 vero
1179 2717 1454 2784 mobiles
1524 2722 1595 2782 et
1662 2733 1816 2784 sese
1873 2723 2216 2785 moventes
2277 2721 2346 2780 et
2409 2731 2734 2797 personae

344 2819 755 2902 captivatae,
798 2818 1043 2886 ibidem
1090 2820 1478 2904 acquisitae,
1538 2825 1736 2887 erunt
1794 2820 2204 2902 acquirentis
2266 2819 2492 2902 libere,
2551 2815 2736 2884 licite

351 2928 421 2989 et
488 2924 557 2990 in
620 2929 780 2991 tot0.

559 3027 1038 3094 Promittentes
1114 3029 1393 3097 firmiter
1466 3035 1537 3097 et
1606 3033 2032 3114 spondentes„
2094 3031 2264 3120 dolo⁸
2297 3030 2405 3095 vel
2465 3025 2729 3111 ingenio

350 3132 539 3212 malo,
587 3132 761 3197 omni
804 3151 1076 3214 prorsus
1125 3134 1482 3217 pravitate,
1529 3135 1979 3218 excusatione,
2017 3133 2470 3217 subterfugiiS,
2516 3151 2732 3199 exem-

351 3235 533 3301 tione
559 3254 677 3302 seu
703 3237 1011 3316 quaesito
1037 3238 1257 3304 colore
1300 3245 1419 3304 aut
1450 3239 1601 3305 aliis
1632 3240 2094 3320 praetextibus
2128 3237 2472 3320 quibusvis
2505 3237 2732 3320 procul

353 3339 642 3422 semotiS,
688 3339 1057 3422 praemissa
1103 3343 1321 3409 omnia
1367 3347 1437 3409 et
1483 3343 1745 3426 singula
1782 3349 1850 3409 et
1885 3361 2110 3410 eorum
2142 3343 2484 3424 quodlibet
2513 3347 2731 3408 atten-

352 3444 527 3527 dere,
573 3462 847 3511 servare
894 3451 963 3512 et
1010 3445 1491 3534 inuiolabiliter
1537 3448 1892 3530 custodire,
1932 3467 2054 3513 nec
2087 3448 2216 3514 ullo
2252 3466 2536 3528 unquam
2570 3451 2731 3512 tem-

354 3565 507 3628 pore
554 3554 789 3616 contra
834 3569 915 3616 ea
960 3557 1080 3616 aut
1126 3569 1349 3619 eorum
1396 3552 1619 3632 aliqua
1665 3571 1784 3619 seu
1831 3552 2118 3634 aliquod,
2165 3551 2416 3632 aliquid
2449 3553 2731 3634 operari,

354 3651 570 3718 facere
618 3654 727 3720 vel
772 3653 1081 3739 tolerare,
1127 3657 1329 3722 etiam
1371 3655 1814 3740 conniventia,
1847 3676 1967 3739 per
2003 3675 2075 3723 se
2107 3662 2225 3723 aut
2258 3656 2444 3739 alios,
2474 3657 2734 3723 directe

356 3756 458 3821 vel
501 3756 848 3842 indirecte,
896 3759 979 3826 de
1022 3758 1165 3828 iure
1210 3763 1579 3828 autetiam
1625 3762 1709 3827 de
1753 3761 1952 3844 facto,
1999 3761 2561 3842 qualitercunque.

554 3879 637 3945 In
683 3898 957 3960 quorum
1006 3933 1019 3948 .
1069 3934 1081 3947 .
1130 3933 1143 3948 .

556 4027 803 4094 Datum
882 4029 1227 4114 Wiennae,
1302 4031 1631 4098 sabbatho
1709 4032 2003 4114 proximo
2079 4037 2238 4098 ante
2307 4032 2476 4098 diem
2545 4033 2730 4100 beati

365 4128 658 4216 Thomae,
703 4151 825 4218 ap.,
870 4153 926 4200 a.
977 4135 1057 4200 D.
1093 4141 1274 4205 1341.

555 4279 905 4367 (Ludcwiy.
947 4321 1035 4334 —
1080 4283 1495 4372 Lichnovsky.
1541 4321 1625 4334 -
1657 4286 1888 4374 Laniy.
1922 4323 2000 4336 —
2041 4285 2260 4374 Chytic
2305 4287 2442 4359 VII.
2469 4290 2614 4358 367.
2645 4325 2726 4338 -

370 4379 567 4448 E'mlcr
604 4385 651 4450 I
654 4385 713 4458 V.
746 4387 969 4476 1046.)
