3288 4973
219 398 232 454 'J

219 539 232 585 ε

219 601 232 682 Ξ

217 688 232 746 ἒ

219 760 230 787 :¹

218 815 232 887 ἒ

218 901 230 947 ε

218 954 231 1021 ἔ

217 1145 230 1222 3

217 1248 227 1298 ἕ

1814 295 2199 390 -294-

1008 532 1303 599 Karolus
1350 533 1430 601 D.
1479 552 1574 616 gr.
1620 533 2068 599 Romanorum
2114 551 2236 599 rex
2276 551 2325 598 s.
2360 552 2418 598 a.
2449 535 2519 597 et
2550 531 2863 598 Boemiae
2896 550 3033 597 reX.

1010 664 1116 728 Ad
1165 666 1558 744 perpetuam
1605 661 1705 728 rei
1752 661 2151 728 memoriam.

1015 792 1259 859 Innata
1325 793 1509 858 cordi
1570 797 1801 858 nostro
1878 791 2252 874 benignitas
2315 793 2494 858 circa
2552 792 2842 858 fidelium
2889 797 2960 856 et
3007 793 3185 857 devo·

812 902 1027 964 torum
1076 900 1453 962 nostrorum
1488 896 1774 962 honores
1809 900 1874 961 et
1911 898 2247 962 commoda
2281 896 2613 962 continuis
2646 896 2909 962 intenta
2943 893 3191 977 vigiliis

712 987 720 997 ’
811 1000 988 1066 votis
1033 999 1331 1081 ipsorum
1377 1017 1675 1066 annuere
1714 998 1972 1082 jugiter
2033 1019 2152 1066 nos
2214 1000 2489 1082 inducit,
2559 1000 2867 1080 quotiens
2930 1017 3188 1080 poscen-

811 1103 975 1169 tium
1024 1122 1151 1170 vox
1194 1108 1301 1169 est
1338 1104 1559 1187 justa3
1606 1105 1677 1169 in
1719 1104 1844 1168 hoc
1893 1101 2061 1168 enim
2098 1104 2523 1170 liberalitatis
2557 1109 2826 1170 nostrae
2859 1122 2988 1169 non
3022 1111 3192 1168 errat

809 1207 1116 1288 intentio,
1192 1208 1311 1273 sed
1385 1206 1634 1290 regalis
1712 1207 1962 1288 sceptri
2038 1205 2379 1288 fastigium
2447 1206 2768 1275 extollere
2845 1207 3195 1274 salubriter

815 1311 1202 1377 arbitratur.

1016 1440 1191 1507 Sane
1240 1442 1325 1506 ad
1386 1446 1661 1507 nostrae
1712 1441 2128 1507 celsitudinis
2175 1441 2596 1507 venerabiles
2663 1441 3196 1523 archiepiscopus

808 1545 1181 1627 Pragensis,
1216 1544 1690 1628 olomucensis
1728 1545 2308 1612 wratislaviensis
2339 1549 2407 1611 et
2430 1545 3044 1612 Luthomusslensis
3072 1544 3196 1626 epi·

812 1649 1014 1731 scopi,
1060 1666 1320 1715 necnon
1367 1646 1665 1715 illustres
1709 1649 2075 1729 JohanneS,
2119 1649 2519 1715 Karinthiae
2553 1668 2901 1730 comesque
2943 1651 3197 1734 Tyrolis

812 1757 884 1820 et
909 1752 1237 1837 Goriciae,
1260 1771 1612 1837 germanus
1639 1756 1869 1819 noster
1908 1753 2311 1835 carissimus,
2344 1773 2422 1819 ac
2456 1755 2514 1820 N
2519 1753 2772 1820 icolaus
2804 1754 3100 1837 Opaviae
3133 1761 3198 1820 et

816 1857 1206 1924 Ratiboriae
1240 1860 1462 1940 duces,
1500 1858 1885 1938 caeterique
1927 1857 2231 1940 praelati,
2256 1859 2478 1942 duceS,
2513 1858 2864 1940 principes,
2903 1861 3199 1940 baroneS,

817 1980 1127 2043 proceres
1153 1966 1224 2028 et
1242 1961 1497 2028 nobiles
1531 1962 1723 2045 regni
1755 1963 1968 2041 nostri
2000 1962 2309 2028 Boemiae
2344 1973 2413 2028 et
2446 1962 3002 2045 pertinentiarum
3032 1962 3198 2029 eius-

815 2068 980 2148 dem,
1026 2067 1474 2148 praesentiam
1519 2068 1938 2149 accedentes,
1984 2067 2173 2133 nobis
2221 2065 2560 2133 humiliter
2605 2068 3086 2149 supplicarunt,
3130 2073 3198 2130 ut

814 2173 1130 2256 quasdam
1152 2171 1417 2236 litteras
1436 2170 1650 2237 Rudol
1658 2171 1787 2252 phi,
1804 2172 1941 2239 divi
1961 2174 2420 2253 Romanorum,
2440 2171 2637 2256 regis,
2662 2171 3193 2254 praedecessoris

813 2274 1044 2358 nostri,
1065 2275 1252 2342 nobis
1277 2294 1397 2356 per
1421 2275 1603 2358 ipsos
1636 2275 1992 2359 exhibitaS,
2025 2295 2295 2357 quarum
2328 2280 2522 2342 tenor
2554 2282 2625 2343 et
2656 2276 2864 2344 series
2900 2277 3200 2357 sequitur

816 2378 883 2444 in
931 2380 1100 2445 haec
1144 2381 1385 2446 verba:

1020 2550 1361 2637 (Diploma
1443 2552 1784 2636 Rudolphi
1857 2556 2030 2641 reqis
2109 2554 2289 2621 Rom.
2374 2553 2520 2621 ddo.
2604 2554 2958 2638 Erfordiae
3032 2556 3197 2618 1290

816 2659 918 2723 26.
960 2655 1139 2741 Sept.
1184 2695 1271 2705 —
1317 2656 1531 2743 Hujus
1580 2654 1841 2722 Codicis
1885 2667 2030 2727 tom.
2081 2660 2129 2726 I.
2177 2683 2236 2727 n.
2283 2662 2368 2724 84
2414 2658 2512 2726 lit.
2561 2658 2655 2745 C.)

816 2837 1045 2896 nostra
1094 2833 1483 2897 confirmare
1529 2832 1940 2900 auctoritate
1985 2834 2172 2916 regia
2219 2835 2663 2917 dignaremur.

1028 3005 1163 3070 Nos
1212 3004 1439 3085 utique
1474 3056 1487 3070 .
1519 3056 1532 3070 .
1566 3055 1581 3072 .
1627 3008 1939 3074 momenti
1995 3009 2094 3093 (ut
2139 3009 2208 3070 in
2253 3007 2606 3093 diplomate
2652 3007 3104 3094 praecedentz).

1024 3177 1204 3243 Nulli
1251 3198 1409 3262 ergo
1444 3231 1457 3246 .
1491 3232 1551 3247 ..
1598 3181 2031 3264 applicandas
2085 3184 2184 3270 (ut
2232 3184 2297 3247 in
2343 3184 2702 3284 diplomate
2738 3184 3194 3271 praecedenti).

1020 3352 1101 3416 In
1148 3370 1421 3432 quorum
1470 3355 1755 3420 omnium
1804 3357 2251 3423 testimonium
2298 3367 2367 3425 et
2411 3362 2497 3425 ad
2545 3362 3013 3429 certitudinem
3057 3363 3192 3442 ple-

816 3455 1064 3521 niorem
1117 3463 1512 3537 praesentes
1558 3459 1702 3524 fieri
1742 3460 2063 3543 jussimus
2109 3467 2180 3528 et
2226 3468 2496 3531 nostrae
2563 3466 2935 3533 maiestatis
2997 3464 3193 3549 sigilli

819 3578 1226 3642 appenslone
1273 3561 1529 3629 muniri.

1023 3734 1239 3819 Hujus
1287 3736 1382 3801 rei
1430 3742 1643 3804 testes
1709 3745 1865 3804 sunt
1898 3790 1909 3803 .
1944 3790 1956 3804 .
1991 3791 2004 3804 .
2064 3739 2167 3827 (ut
2214 3742 2283 3803 in
2327 3741 2683 3826 diplomate
2719 3745 3178 3830 praecedenti).

1021 3908 1268 3974 Datum
1323 3908 1584 3993 Pragae
1632 3931 1691 3977 a.
1737 3913 1812 3980 D.
1867 3920 2050 3998 1348,
2110 3917 2483 3985 Indictione
2542 3922 2772 4004 prima,
2833 3923 2978 3988 VII.
3033 3922 3183 3987 Idus

811 4011 1082 4093 Aprilis,
1127 4031 1478 4095 regnorum
1526 4022 1898 4083 nostrorum
1947 4038 2119 4085 anno
2170 4024 2477 4088 secundo,

830 4288 954 4353 VH
1015 4183 1277 4376 {1325ss
1317 4225 1403 4236 -
1437 4187 1633 4257 Arch.
1674 4188 1742 4257 S.
1797 4190 2001 4256 Wenc.
2046 4231 2119 4241 —
2162 4192 2405 4258 Balbin
2455 4196 2507 4268 I.
2541 4219 2617 4281 p.
2664 4200 2808 4267 183.
2861 4238 2942 4249 —
2981 4196 3187 4285 Chytil
