3288 4973
1560 378 1950 439 -156—

554 580 935 661 quantitate
980 581 1323 664 pecuniae,
1366 599 1487 662 pro
1533 598 1662 661 qna
1725 578 1908 646 cives
1969 579 2393 645 Strelnenses
2456 598 2574 661 pro
2629 578 2817 645 nobis
2871 578 2930 643 in

555 685 897 752 civitatem
949 684 1436 752 Wratislaviae
1482 688 1604 750 aut
1639 683 1801 751 alibi
1852 684 2028 766 apud
2061 683 2478 749 Christianos
2510 684 2620 749 vel
2647 682 2930 749 Judaeos

550 794 881 872 tenentur,
930 807 1123 870 quam
1170 790 1351 871 ipsos
1399 789 1786 877 persolvere
1832 786 2196 871 continget,
2251 788 2446 871 juxta
2503 788 2686 854 clara
2750 789 2928 854 docu-

550 898 773 960 menta
799 898 867 959 et
894 894 1319 975 probationes
1344 892 1618 959 idoneas
1643 896 1713 958 et
1746 890 2154 960 sufficientes
2189 892 2432 959 civium
2463 890 2930 957 Strelnensium

550 998 1086 1079 praedictorum3
1160 1003 1232 1063 et
1300 996 1367 1063 in
1439 1002 1683 1078 quarta
1749 1000 1941 1078 parte
2010 996 2080 1061 in
2148 994 2632 1079 quinquaginta
2699 996 2929 1061 marcis

552 1100 845 1167 eiusdem
891 1100 1224 1185 ponderiS,
1271 1120 1437 1181 quas
1478 1102 1836 1169 secundum
1870 1101 2348 1167 conscientiam
2383 1106 2452 1167 et
2483 1098 2928 1183 probationem

546 1205 838 1287 ipsorum
908 1206 1149 1271 civium
1222 1204 1706 1271 Strelnensium
1772 1204 1842 1269 in
1901 1203 2158 1270 fabrica
2218 1202 2666 1270 aedificiorum
2727 1202 2931 1269 castri

544 1308 789 1375 ibidem
836 1309 1016 1392 ipsos
1061 1311 1445 1393 impendere
1491 1308 1838 1393 continget
1883 1314 2088 1389 atque
2135 1310 2314 1375 dare.

752 1413 1067 1479 Promisit
1112 1413 1315 1479 etiam
1362 1413 1550 1481 nobis
1599 1413 1742 1494 ipse
1790 1414 1850 1478 d.
1900 1430 2019 1478 rex
2083 1412 2362 1477 firmiter
2422 1430 2502 1477 ac
2564 1412 2931 1495 spopondit,

543 1518 717 1597 qnod
764 1518 977 1599 ipsam
1023 1517 1367 1585 civitatem
1433 1517 1687 1583 Strelin
1732 1534 1879 1583 cnm
1927 1522 2148 1583 castro
2195 1522 2265 1583 et
2311 1516 2737 1597 pertinentiis
2797 1516 2930 1581 suis

543 1621 878 1687 universis
924 1621 1111 1688 nobis
1143 1624 1393 1702 absque
1428 1620 1828 1688 difficultate
1862 1621 2144 1687 reddere
2176 1620 2421 1687 debeat
2452 1626 2521 1686 et
2554 1619 2932 1703 restituere,

538 1726 1062 1806 quandocunque
1092 1744 1211 1792 nos
1235 1729 1355 1792 aut
1376 1724 1551 1792 filius
1576 1730 1808 1791 noster
1831 1726 1940 1793 vel
1963 1726 2248 1791 heredes
2274 1725 2486 1790 nostri
2511 1722 2640 1805 ipsi
2676 1726 2734 1789 d.
2769 1725 2928 1809 regi,

542 1828 897 1897 heredibus
944 1835 1061 1896 aut
1115 1830 1615 1897 successoribus
1676 1829 1813 1895 suis
1876 1829 2088 1910 ipsam
2147 1829 2423 1895 totalem
2485 1848 2801 1894 summam
2861 1833 2930 1895 et

540 1933 983 2023 quantitatem
1054 1934 1375 2017 pecuniae
1444 1935 1860 2001 decrevimus
1925 1933 2329 2017 persolvere,
2390 1936 2802 2015 eandemque
2863 1932 2930 1998 in

538 2036 818 2105 civitate
866 2038 1349 2105 Wratislaviae
1396 2058 1614 2105 coram
1666 2038 2064 2121 consulibus,
2111 2036 2224 2118 qui
2284 2056 2404 2119 pro
2466 2044 2628 2103 tunc
2688 2036 2931 2103 ibidem

538 2148 749 2225 erunt,
800 2142 1101 2225 praefato
1147 2144 1207 2209 d.
1256 2144 1417 2228 regi,
1465 2144 1825 2211 heredibus
1872 2143 1980 2209 vel
2027 2143 2522 2210 successoribus
2567 2142 2707 2208 suis
2741 2160 2932 2223 prae—

533 2246 713 2329 fatis,
769 2247 873 2315 vel
936 2248 1226 2330 ipsorum
1286 2248 1549 2313 nomine
1604 2248 1989 2313 consulibus
2038 2248 2288 2313 eisdem
2333 2248 2715 2313 duxerimus
2765 2249 2930 2313 assi·

532 2353 865 2434 gnandam
933 2358 1001 2417 et
1072 2353 1273 2418 etiam
1336 2354 1927 2434 praesentandam
1989 2351 2319 2418 fructibus
2381 2358 2451 2417 et
2514 2352 2929 2419 utilitatibus

532 2473 653 2537 per
721 2474 835 2522 eos
906 2457 1146 2523 exinde
1218 2456 1557 2539 perceptis
1626 2474 1746 2524 seu
1817 2457 2019 2524 etiam
2087 2456 2535 2540 percipiendis
2603 2456 2672 2524 in
2743 2462 2930 2524 sorte

527 2561 917 2642 principalis
966 2563 1287 2643 pecuniae
1334 2561 1431 2630 eis
1480 2581 1601 2644 per
1644 2580 1764 2628 nos
1813 2562 2075 2629 minime
2123 2562 2554 2642 defalcandis,
2600 2581 2766 2644 quos
2815 2565 2925 2630 vel

528 2685 693 2746 quas
758 2672 1034 2747 propter
1094 2667 1444 2733 nonnullas
1510 2666 1803 2750 ipsorum
1863 2667 2196 2749 impensas
2264 2673 2336 2734 et
2403 2686 2607 2734 onera
2673 2669 2924 2736 ibidem

528 2769 929 2852 perferenda
984 2771 1081 2837 eis
1128 2771 1500 2837 liberaliter
1560 2773 2022 2839 condonamus.

737 2875 806 2939 Si
882 2893 1041 2942 vero
1113 2875 1200 2960 (q.
1264 2876 1349 2962 a.)
1429 2895 1549 2943 nos
1625 2881 1697 2942 et
1769 2877 1973 2942 fflium
2049 2881 2347 2943 nostrum
2425 2881 2677 2958 absque
2753 2879 2926 2962 legi-

528 2979 708 3044 timis
801 2981 1110 3046 masculis
1192 2981 1551 3048 heredibus
1642 2985 1726 3047 de
1803 2981 1930 3047 hac
1998 2981 2163 3062 luce,
2254 2982 2638 3062 priusquam
2734 3002 2929 3064 prae·

527 3083 709 3149 dicta
757 3083 1254 3168 exsolverimus,
1301 3087 1585 3168 migrare
1651 3088 2029 3171 contingat:
2092 3105 2174 3153 ex
2237 3091 2397 3153 tunc
2460 3088 2608 3168 ipsa
2673 3087 2927 3155 civitas

526 3186 797 3270 Strelyn
888 3207 1031 3254 cum
1122 3195 1342 3255 castro
1428 3207 1508 3256 ac
1584 3191 1880 3256 omnibus
1959 3198 2029 3257 et
2104 3192 2382 3274 singulis
2473 3192 2943 3277 pertinentiiS‚

521 3290 858 3375 limitibus
932 3294 1260 3377 dominiiS,
1353 3295 1784 3362 libertatibus
1874 3301 1942 3362 et
2025 3295 2288 3378 juribus
2365 3298 2504 3363 suis
2580 3297 2926 3365 universis

519 3396 826 3476 superius
902 3398 1271 3468 nominatis,
1349 3401 1433 3464 ad
1510 3400 1724 3481 ipsum
1799 3403 1858 3465 d.
1936 3421 2178 3484 regem,
2267 3402 2546 3467 heredes
2623 3407 2694 3466 et
2767 3423 2926 3470 suc-

516 3518 819 3566 cessores
886 3520 1041 3567 suos
1110 3521 1304 3586 reges
1375 3503 1468 3587 B.‚
1536 3513 1734 3585 prout
1803 3510 1871 3570 et
1946 3506 2080 3572 alia
2156 3506 2460 3589 dominia,
2538 3491 2764 3572 terrae
2847 3517 2922 3576 et

515 3605 687 3670 bona
744 3611 978 3671 nost-ra
1031 3607 1266 3690 omnia,
1310 3607 1520 3675 libere
1568 3617 1638 3675 et
1683 3611 1825 3676 sine
1889 3609 2287 3678 difficultate
2351 3629 2501 3678 esse
2563 3613 2918 3681 debebunt

512 3707 691 3773 illico
738 3711 1071 3776 devoluta.

720 3814 959 3880 Testes
1009 3818 1134 3879 etc.

719 3918 799 3982 In
846 3937 1119 3998 quorum
1168 3925 1295 3986 etc.

714 4073 961 4140 Datum
1029 4077 1503 4144 Wratislaviae
1572 4079 1690 4145 fer.
1765 4081 1835 4145 V.
1902 4081 2078 4148 intra
2145 4090 2422 4151 octavas
2493 4087 2905 4168 epiphaniae

509 4175 778 4244 Domini
830 4199 887 4246 a.
934 4180 1229 4262 ejusdem
1282 4188 1465 4250 1337.

714 4333 991 4420 (Gr-{inlu
1040 4336 1126 4404 II.
1162 4361 1237 4422 11.
1282 4341 1425 4407 308.
1478 4377 1555 4388 —
1604 4341 1766 4410 Eml.
1815 4345 1859 4407 I
1867 4343 1928 4411 V.
1974 4346 2151 4434 380.)
