3288 4973
2722 8 2725 10 ,
2754 6 2779 12 -
2800 6 3009 26 ..qv-rw
3054 8 3067 11 -
3088 8 3097 11 -

1548 404 1936 465 -200—

535 602 626 659 «lie
664 606 747 657 20.
788 602 945 673 Mnji,
984 618 1127 671 quae
1166 618 1287 657 cum
1326 618 1531 673 magna
1565 605 1966 673 solempnitate
2003 603 2074 658 ab
2109 604 2374 659 universo
2413 604 2564 659 clero
2590 610 2652 659 et
2673 624 2706 659 a
2731 604 2924 672 populo

532 688 831 745 honorilice
872 696 963 745 est
998 696 1276 757 suscepta
1330 690 1407 745 Et
1446 691 1597 747 illico
1647 693 1712 746 fit
1762 698 2046 747 tractatus
2101 691 2252 747 inter
2305 706 2496 761 regem
2553 690 2818 746 Polouiae
2871 696 2924 743 et

531 776 705 844 ipsam
745 778 813 832 de
850 777 1201 833 matrimonio
1238 780 1633 834 contrahendo.
1675 778 1984 847 Postquam
2018 794 2150 833 vero
2187 780 2256 833 de
2293 780 2398 833 hoc
2451 779 2602 833 inter
2649 779 2834 845 ipsum
2871 784 2924 831 et

530 878 717 933 regem
758 864 821 919 B.
860 864 1106 920 finaliter
1142 872 1297 919 esset
1320 852 1767 933 compromissum
1791 872 1850 921 et
1879 867 2290 934 concordatum,
2313 866 2438 933 ipsa
2459 866 2676 933 inclyta
2697 866 2912 921 domina

532 951 605 1005 M.
642 950 997 1021 aegritudine
1034 950 1265 1007 exstitit
1300 960 1555 1023 gravata.
1610 952 1898 1020 Venitque
1947 952 2188 1021 Pragam
2240 968 2478 1020 sponsus
2532 954 2670 1023 ejus,
2709 967 2806 1007 rex
2846 952 2928 1019 P„

533 1038 759 1093 decenti
796 1044 857 1093 et
894 1039 1069 1093 multa
1106 1038 1311 1093 militia
1348 1038 1595 1106 stipatus
1657 1046 1720 1093 et
1765 1051 2000 1107 paratus
2053 1041 2123 1093 ad
2171 1039 2560 1093 celebrandam
2607 1040 2918 1107 nuptiarum

532 1125 997 1193 solempnitatem.
1018 1126 1125 1181 Die
1152 1125 1327 1179 tertia
1364 1134 1496 1180 ante
1522 1126 1730 1182 festum
1758 1128 1811 1182 S.
1839 1127 2236 1194 Margarethae
2261 1128 2368 1193 (11.
2393 1124 2575 1195 Julii.)
2599 1124 2695 1179 ille
2719 1124 2926 1194 regalis

538 1212 635 1265 flos
674 1212 969 1267 clarissimi
1005 1213 1269 1282 germinis
1308 1214 1597 1281 emarcuit,
1641 1214 1854 1268 decidit
1887 1221 1948 1268 et
1985 1215 2244 1269 decessit.
2281 1213 2494 1283 (Pr-ane.
2533 1212 2707 1282 Pmy.)

744 1344 881 1410 Nos
951 1345 1347 1429 Kazimirus,
1416 1348 1493 1412 l).
1554 1368 1648 1428 gr.
1705 1347 2022 1413 Poloniae
2098 1365 2236 1427 rex,
2309 1348 2395 1412 ad
2469 1347 2930 1411 universorum

543 1448 847 1515 notitiam
920 1453 1155 1515 tenore
1224 1452 1680 1532 praesentium
1751 1452 2052 1518 volumus
2119 1448 2488 1531 pervenire,
2551 1451 2724 1529 quod
2789 1468 2927 1515 cum

540 1554 785 1619 dudum
852 1554 1237 1637 magnificos
1302 1555 1664 1639 principes,
1731 1558 1791 1620 d.
1857 1556 2236 1621 Johannem
2307 1572 2525 1637 regem
2597 1554 2672 1619 Β.
2733 1560 2806 1619 et
2865 1555 2920 1618 d.

542 1656 877 1739 Karolum,
924 1658 1065 1741 ejus
1114 1659 1637 1743 primogenitum,
1697 1659 2144 1726 marchionem
2207 1658 2569 1742 Hormiae,
2616 1658 2940 1734 illustres,

542 1760 609 1826 in
670 1766 929 1842 patrem
992 1767 1061 1827 et
1120 1762 1397 1830 fratrem
1466 1771 1733 1831 nostros
1797 1764 2350 1846 assumpserimus
2412 1781 2492 1829 ac
2550 1764 2681 1845 ipsi
2742 1762 2930 1829 nobis

545 1864 867 1948 inclytam
914 1866 1431 1950 Margaretham,
1476 1870 1806 1949 quandam
1855 1867 2263 1934 comitissam
2319 1867 2688 1949 palat-inam
2743 1865 2933 1947 Beni,

541 1966 871 2037 ducissam
934 1972 1286 2057 Bavariae‚
1340 1974 1543 2041 filiam
1592 1978 1661 2040 et
1730 1982 2022 2041 sororem
2086 1990 2270 2041 suam
2337 1971 2490 2056 piae
2557 1970 2931 2053 memoriae,

541 2076 1023 2157 spoponderint
1066 2080 1337 2143 tradere
1384 2078 1964 2145 matrimonialiter
2007 2080 2078 2144 in
2125 2095 2415 2159 uxorem,
2479 2094 2731 2157 nosque
2788 2094 2934 2157 pro-

548 2178 923 2247 miserimus
948 2180 1129 2263 ipsos
1154 2200 1416 2263 semper
1440 2188 1509 2249 et
1532 2182 1603 2247 in
1634 2184 1934 2249 omnibus
1968 2187 2285 2262 tanquam
2311 2186 2570 2263 patrem
2593 2181 2934 2248 carnalem

548 2290 620 2349 et
664 2284 939 2350 fratrem
988 2286 1321 2353 uterinum
1366 2294 1598 2354 tenere
1643 2292 1716 2354 et
1765 2293 2000 2355 contra
2029 2304 2280 2353 omnem
2313 2286 2637 2353 hominem
2669 2285 2942 2362 iuvare3

550 2406 827 2468 cumque
902 2390 1091 2457 nobis
1168 2394 1435 2457 tandem
1505 2392 1701 2473 juxta
1777 2392 2194 2457 vocationem
2265 2396 2336 2459 et
2405 2389 2937 2457 informationem

549 2495 949 2562 matrimonii
999 2496 1288 2578 ipsorum
1333 2499 1418 2564 ad
1466 2499 2046 2564 consummandum
2095 2497 2580 2563 matrimonium
2638 2500 2709 2562 et
2769 2495 2938 2563 cele·

550 2599 871 2666 brandum
918 2601 1189 2682 nuptias
1236 2602 1611 2669 huiusmodi
1657 2600 2102 2684 venientibuS,
2147 2601 2333 2666 dicta
2380 2599 2642 2666 domina
2671 2600 2939 2685 Marga-

548 2702 764 2786 retha‚
822 2723 1070 2785 sponsa
1130 2711 1365 2772 nostra
1428 2706 1800 2790 carissima,
1855 2707 2031 2772 sicut
2098 2705 2370 2770 Domino
2432 2703 2704 2787 placuit,
2765 2703 2941 2770 viam

551 2809 642 2875 sit
688 2809 1046 2877 universae
1094 2811 1317 2878 carnis
1357 2813 1700 2896 ingressa:
1735 2819 2012 2894 propter
2042 2809 2168 2877 hoc
2200 2810 2402 2894 ligam
2433 2809 2576 2876 sive
2609 2807 2944 2874 vinculum

552 2912 949 2998 dilectionis,
1018 2916 1279 2982 unionis
1348 2921 1418 2981 et
1492 2917 1666 3002 fidei,
1739 2915 2191 2982 consideranti
2263 2915 2477 2981 animo
2545 2919 2619 2978 et
2682 2911 2946 2995 ingenti

551 3018 882 3084 desiderio
931 3019 1107 3086 inter
1153 3039 1273 3086 nos
1322 3021 1631 3102 utrinque
1680 3021 1912 3088 initum
1963 3021 2270 3089 totaliter
2321 3023 2392 3084 et
2420 3018 2766 3100 firmatum,
2811 3018 2944 3084 dis-

553 3123 722 3190 solvi
785 3123 1090 3190 nolentes
1160 3125 1651 3204 quomodolibet
1717 3130 1836 3190 aut
1905 3124 2251 3206 corrumpi,
2319 3124 2440 3190 sed
2508 3121 2814 3188 volentes
2876 3121 2944 3188 id

550 3227 768 3310 ipsum
812 3227 1035 3310 potius
1084 3229 1275 3295 novis
1324 3231 1858 3312 colligationibus
1905 3235 1975 3296 et
2021 3229 2282 3295 sincero
2323 3228 2598 3295 foedere
2658 3227 2945 3295 indisso-

556 3330 855 3398 lubiliter
900 3331 1208 3399 innovari
1254 3340 1324 3400 et
1372 3334 1732 3416 perfectius
1795 3335 2112 3416 roborari,
2179 3335 2508 3414 praestito
2553 3333 2759 3399 tactis
2824 3349 2949 3415 per

554 3455 673 3503 nos
736 3439 1185 3503 sacrosanctis
1239 3439 1624 3523 evangeliiS‚
1687 3439 2016 3522 corporali
2075 3439 2468 3522 iuramentO,
2527 3437 2951 3521 promisimus

554 3543 623 3606 et
670 3540 1116 3622 promittimus
1164 3542 1232 3606 in
1280 3541 1405 3609 hiis
1454 3543 1747 3626 scriptis.
1808 3563 1891 3609 ex
1953 3561 2128 3609 nnnc
2181 3544 2509 3626 juranum,
2565 3560 2834 3623 semper
2881 3541 2950 3608 in

552 3643 857 3712 omnibus
925 3651 995 3710 et
1062 3647 1310 3727 ubique
1376 3646 1789 3728 praedictum
1857 3667 2082 3733 regem
2145 3649 2218 3714 Β.
2281 3653 2615 3728 tamquam
2683 3652 2952 3727 patrem

552 3747 886 3814 carnalem
938 3754 1006 3815 et
1054 3750 1379 3817 dominum
1426 3753 1868 3818 marchionem
1917 3759 2236 3832 tanquam
2279 3754 2556 3818 fratrem
2603 3750 2948 3817 uterinum

558 3859 809 3937 tenere,
834 3873 1191 3935 eorumque
1226 3862 1295 3921 et
1327 3857 1514 3939 regni
1548 3863 1878 3922 terrarum
1904 3875 2172 3923 suarum
2195 3857 2584 3938 profectum,
2605 3855 2950 3938 honorem,

560 3961 959 4026 commodum
1007 3961 1182 4027 omni
1228 3967 1525 4043 tempore
1571 3966 1718 4027 tota
1763 3960 2114 4046 diligentia
2159 3960 2449 4028 fideliter
2481 3977 2848 4042 procurare
2883 3967 2952 4026 et

557 4064 655 4128 eis
703 4063 769 4128 in
818 4083 1018 4147 regno
1089 4084 1167 4131 ac
1220 4066 1418 4133 terris
1480 4066 1617 4133 suis
1679 4072 1750 4133 et
1811 4070 2006 4134 extra
2070 4066 2138 4131 in
2199 4084 2487 4148 persona
2550 4065 2826 4148 propria
2885 4070 2957 4130 et-

558 4169 754 4232 rebus
803 4187 882 4235 ac
928 4169 1233 4250 potentia
1281 4177 1512 4237 nostra
1556 4170 1880 4237 assistere
1927 4176 1995 4236 et
2027 4170 2095 4236 in
2125 4171 2426 4237 omnibus
2458 4169 2640 4234 vitae
2669 4173 2954 4244 nostrae

556 4273 961 4353 temporibus
1032 4281 1267 4340 contra
1336 4293 1589 4342 omnem
1661 4276 2002 4342 viventem
2075 4274 2400 4342 hominem
2471 4273 2954 4354 cuiuscumque

560 4377 1147 4464 praeeminentiae,
1216 4381 1613 4449 conditionis
1661 4384 1779 4448 aut
1826 4385 2046 4448 status
2108 4380 2378 4465 existat,
2437 4377 2616 4444 nullo
2679 4379 2956 4463 penitus
