3288 4973
1313 393 1704 452 —279—

516 599 671 667 2⁰0.
722 594 1047 667 Carolus
1088 595 1597 666 Romanorum
1647 591 1726 660 et
1769 591 2122 664 Boemiae
2159 613 2298 663 rex
2333 594 2707 680 approbat

322 701 399 769 et
442 699 844 772 confirmat
886 698 1159 770 literas
1206 695 1745 786 privilegiales
1791 696 2137 768 civitatis
2183 695 2572 784 Egrensis.

1062 822 1259 905 1347,
1305 822 1408 888 25.
1462 815 1954 906 Septembris,

512 961 801 1030 Karolus
848 961 928 1027 D.
974 981 1071 1046 gr.
1116 959 1301 1028 Rom.
1348 979 1467 1026 rex
1515 979 1564 1026 s.
1611 979 1689 1042 a.‚
1737 965 1806 1026 et
1853 962 1924 1025 B.
1973 979 2113 1045 rex,
2162 967 2388 1027 notum
2421 958 2699 1027 facimus

306 1066 660 1135 universis,
694 1067 891 1134 Licet
915 1068 1001 1132 ad
1030 1066 1491 1148 persequenda
1516 1069 1678 1132 vota
1709 1065 2000 1132 fidelium
2030 1064 2098 1131 in
2123 1064 2254 1131 hiis
2286 1065 2702 1148 praesertim,

306 1191 477 1254 quae
525 1172 771 1238 rationi
810 1171 1258 1254 consentiunt,
1300 1173 1385 1236 ad
1418 1175 1610 1236 tanto
1644 1170 2029 1254 ampliorem
2063 1189 2481 1254 progressum
2512 1170 2702 1254 regia

306 1275 634 1343 celsitudo
698 1293 771 1342 se
840 1277 1028 1342 novit
1092 1275 1457 1358 obnoxiam,
1526 1281 1774 1356 quanto
1843 1275 2111 1344 divinae
2180 1274 2701 1358 dispensationis

310 1381 537 1466 gratia
578 1380 879 1462 pluribus
912 1381 1322 1448 dominatur:
1372 1380 1630 1447 illorum
1663 1386 1885 1448 tamen
1919 1382 2186 1450 votivas
2217 1397 2452 1462 preces
2487 1383 2707 1445 att-en-

309 1486 471 1552 tium
520 1485 840 1551 exaudire
886 1489 1175 1569 tenetur,
1210 1495 1383 1564 ‘quos
1430 1485 1754 1556 virtutum
1801 1488 2173 1567 approbata
2220 1483 2601 1550 constantia
2636 1489 2704 1550 et

310 1588 601 1657 fidelium
649 1589 1107 1670 obsequiorum
1156 1587 1589 1657 laudabilitas
1638 1593 2149 1657 recommendat.

520 1692 697 1760 Sane
744 1712 890 1760 cum
953 1693 1345 1760 dilectorum
1402 1693 1594 1760 nobis
1655 1692 1941 1761 fidelium
2003 1698 2402 1776 nostrorum,
2461 1692 2706 1760 civium

308 1798 730 1882 Egrensium,
792 1816 911 1880 pro
975 1817 1048 1864 se
1112 1803 1184 1866 et
1244 1797 1690 1866 universitate
1750 1817 1869 1864 sua
1930 1799 2155 1865 oblata
2213 1798 2403 1865 nobis
2464 1796 2702 1878 petitio

306 1901 704 1986 contineret,
766 1907 1095 1982 quatenus
1154 1902 1406 1968 eisdem
1451 1901 1704 1984 literaS,
1759 1920 1924 1984 quas
1972 1920 2013 1967 a
2057 1921 2188 1968 rec.
2233 1920 2418 1968 mem.
2465 1901 2700 1968 Roma-

308 2027 537 2076 norum
565 2011 635 2073 et
660 2005 971 2073 Boemiae
996 2005 1284 2090 regibus²
1308 2005 1696 2072 nominatim
1721 2025 1762 2072 a
1787 2005 1942 2072 divo
1967 2004 2252 2072 Rudolfo
2279 2011 2350 2072 et
2368 2004 2701 2072 nonnullis

306 2111 457 2178 aliis
488 2130 571 2178 ac
602 2129 643 2176 a
674 2109 885 2193 nobis
918 2113 1068 2176 dum
1101 2128 1393 2177 essemus
1425 2110 1721 2177 marchio
1755 2110 2116 2194 Moraviae‚
2147 2110 2520 2176 obtinuisse
2554 2127 2700 2175 nos-

311 2221 571 2295 cuntur,
619 2216 995 2298 approbare
1043 2219 1114 2281 et
1158 2213 1549 2282 confirmare
1594 2213 1943 2298 dignemur
1974 2253 2060 2264 -

520 2319 787 2388 Primae
833 2320 1077 2387 etenim
1120 2319 1361 2387 literae
1407 2324 1601 2387 tenor
1644 2320 1804 2388 talis
1849 2325 2027 2388 erat:

517 2441 840 2529 (Litterae
866 2439 1231 2523 Premyslai
1250 2439 1332 2507 Π.
1358 2441 1465 2511 deb.
1490 2440 1700 2527 Eyrae
1725 2443 1912 2510 1266.
1929 2479 2014 2491 —
2033 2439 2328 2530 Codjwr.
2353 2440 2553 2511 bohJ.
2567 2440 2703 2530 54)

522 2566 699 2633 Item
747 2569 1040 2633 secunda
1083 2566 1284 2633 litera
1330 2569 1615 2633 sonabat
1661 2568 1730 2635 in
1775 2570 1942 2634 haec
1989 2567 2227 2635 verba:

526 2672 883 2753 „Albertus
930 2670 1007 2735 D.
1055 2691 1151 2755 gr.
1197 2670 1381 2738 Rom.
1413 2690 1533 2738 rex
1564 2691 1613 2737 s.
1648 2691 1705 2740 a.
1747 2671 2078 2739 universis
2123 2670 2402 2739 Romani
2431 2671 2705 2754 Imperii

316 2776 615 2845 fidelibus
662 2780 1055 2858 praesentes
1101 2775 1335 2842 literas
1380 2776 1784 2859 inspecturis
1833 2776 2119 2861 gratiam
2165 2795 2350 2844 suam
2399 2781 2470 2843 et
2511 2794 2700 2843 omne

316 2883 575 2947 bonum.
624 2880 913 2962 Dignum
960 2899 1303 2947 censemus
1352 2886 1422 2947 et
1468 2886 1987 2949 consentaneum
2034 2881 2296 2964 rationi,
2334 2886 2410 2947 ut
2441 2881 2560 2964 eis,
2593 2882 2706 2961 qui

314 2984 439 3051 fide
484 2989 556 3051 et
601 2986 955 3053 devotione
1004 3004 1165 3067 prae
1195 2985 1347 3052 aliis
1380 3004 1453 3053 se
1484 2988 1567 3053 ad
1599 2990 1836 3053 nostra
1867 2990 1937 3053 et
1965 2987 2239 3070 Imperii
2276 2985 2701 3067 beneplacita

319 3090 639 3157 exhibent
687 3090 1145 3174 promptiores
1192 3110 1354 3173 prae
1402 3090 1648 3157 ceteris
1686 3091 1891 3158 etiam
1922 3091 2072 3173 plus
2103 3092 2442 3174 impendat
2474 3095 2708 3157 nostra

320 3195 651 3261 serenitas
684 3194 943 3275 gratiae
978 3198 1047 3261 et
1079 3193 1350 3261 favoris,
1376 3194 1552 3262 Hinc
1585 3200 1708 3279 est,
1743 3197 1912 3276 quod
1945 3196 2368 3278 prudentium
2399 3193 2706 3279 virorum,

322 3297 560 3365 ciuium
623 3298 1039 3382 Egrensium‚
1101 3298 1388 3366 fidelium
1457 3305 1832 3367 nostrorum
1902 3299 2308 3381 dilectorum,
2377 3302 2574 3383 grata
2636 3305 2706 3365 et

322 3402 538 3471 fidelia
583 3401 887 3485 servitia,
932 3421 1103 3482 quae
1158 3403 1346 3470 nobis
1394 3409 1464 3470 et
1509 3403 1794 3487 Imperio
1856 3402 2322 3486 impenderunt
2378 3404 2706 3469 hactenus

325 3511 390 3572 et
435 3506 819 3589 impendere
868 3505 1372 3574 continuatione
1416 3507 1735 3575 laudabili
1781 3528 1912 3576 non
1957 3508 2310 3592 desistunt,
2355 3506 2706 3590 benignius

324 3613 773 3693 advertentes
820 3610 985 3692 ipsis
1034 3612 1203 3679 hanc
1251 3613 1607 3695 specialem
1655 3615 1938 3697 gratiam
1979 3612 2286 3680 duximus
2316 3611 2710 3697 faciendam,

324 3722 395 3780 ut
440 3715 715 3781 inantea
760 3720 955 3781 extra
1001 3716 1343 3783 civitatem
1390 3718 1759 3801 Egrensem
1808 3736 2010 3800 super
2058 3734 2445 3799 quacunque
2507 3718 2706 3784 etiam

323 3819 583 3885 actione
627 3820 713 3884 ad
761 3816 1009 3885 nullum
1050 3820 1370 3904 judicium
1419 3821 1830 3902 provinciale
1877 3821 2144 3889 evocari
2206 3824 2499 3889 debeant
2560 3820 2703 3890 sive

322 3921 518 4002 trahi,
566 3920 695 3988 nisi
762 3922 1264 4003 querulantibus
1311 3924 1379 3988 in
1425 3925 1708 3991 civitate
1755 3929 1984 3993 eadem
2047 3944 2168 4009 per
2220 3926 2529 4011 judicem,
2593 3926 2706 4006 qui

326 4044 437 4105 pro
483 4029 783 4107 tempore
829 4024 1037 4093 fuerit
1083 4026 1343 4109 ibidem,
1382 4028 1653 4112 justitia
1699 4031 2084 4113 denegetur.

529 4130 995 4196 Praesentium
1043 4134 1165 4197 etc.

524 4269 774 4336 Datum
820 4271 889 4337 in
934 4270 1403 4354 Hailprunnen
1448 4274 1733 4359 septimo
1779 4272 1928 4343 Kal.
1973 4274 2138 4344 Julii
2185 4294 2243 4345 a.
2299 4279 2705 4368 1305‚regni

322 4390 477 4443 vero
521 4375 740 4445 nostri
782 4392 955 4445 anuo
1005 4376 1343 4471 septimo.“
