3288 4973
1400 346 1660 411 -409
1707 382 1790 393 -

599 548 751 615 375.
828 546 1246 619 Revocatio
1321 550 1619 623 codicis
1697 551 2110 643 „Modestus
2187 552 2592 625 Carolina“
2662 559 2797 626 aut

399 646 757 732 „Statum
799 653 1072 739 regni“
1122 655 1399 725 vocati.

1003 777 1199 861 1355,
1246 782 1310 847 6.
1363 778 1743 849 Octobris.
1799 778 2188 867 (Pragae.)

602 910 835 965 Listov6
880 912 979 979 J‘su
1032 914 1245 971 ciesare
1302 914 1476 973 Karia
1532 934 1566 973 s
1620 919 1902 974 markrsbi
1957 918 2322 974 moravskeho
2366 936 2400 973 v
2429 920 2794 990 jednostsjnd

392 996 553 1051 slova
591 1014 664 1051 nu
702 998 961 1055 odvolssni
998 1002 1210 1058 statut.

608 1120 731 1206 (A.
776 1120 873 1193 K.
919 1160 1005 1173 --
1052 1124 1429 1191 Contextum
1487 1126 1617 1214 leqe
1679 1130 1749 1191 in
1793 1130 2007 1192 nostri
2066 1126 2320 1193 Codicis
2382 1140 2430 1195 t.
2493 1129 2580 1196 II.
2637 1153 2707 1213 p.
2753 1132 2796 1193 2

380 1245 459 1307 p.
480 1226 601 1288 101
624 1234 816 1311 atquo
832 1230 1014 1313 apud
1032 1230 1483 1296 Goldastium:
1508 1232 1872 1318 Appendix
1895 1234 2413 1297 documentorum
2437 1233 2674 1301 XLIII.
2710 1274 2787 1285 —

396 1328 646 1391 Balbin
692 1330 877 1398 Misso.
940 1332 1111 1400 VIII.
1156 1356 1217 1415 p.
1265 1336 1369 1399 51.
1422 1373 1500 1385 -
1552 1336 1814 1401 Brandl
1869 1336 2040 1403 VIII.
2086 1336 2266 1424 319.)

601 1607 755 1675 376.
846 1606 899 1677 J
902 1608 1171 1679 oannis
1257 1610 1723 1682 marchionis
1812 1614 2247 1686 enunciatio
2323 1614 2415 1685 de
2495 1616 2786 1687 codicis

394 1707 807 1797 „Meiesias
840 1710 1258 1784 'carofium‘
1304 1716 1818 1787 revocatione.

1231 1857 1427 1939 1355,
1474 1860 1539 1925 6.
1588 1856 1966 1928 Octobris.

599 2004 728 2060 List
781 2008 1065 2062 markrsbi
1116 2010 1279 2080 Jana,
1334 2010 1475 2065 kdez
1530 2015 1789 2075 sezndvfi,
1839 2014 2010 2081 jskoz
2057 2014 2177 2081 jest
2235 2012 2324 2081 hyl
2381 2012 2559 2067 ciessi·
2603 2010 2778 2069 Karel

388 2092 623 2147 statuta
644 2094 853 2162 nejaka
884 2096 1165 2163 spuosobil
1191 2113 1224 2150 a
1246 2104 1434 2165 potom
1458 2101 1553 2151 taz
1580 2099 1812 2154 statuta
1836 2100 2084 2155 odvoluti
2113 2100 2267 2167 racil,
2294 2106 2360 2156 ze
2386 2116 2456 2154 on
2483 2101 2778 2155 markrahe

388 2181 429 2233 k
465 2186 623 2234 tomu
658 2186 902 2237 sezmivs
939 2198 1015 2252 se,
1052 2184 1161 2251 aby
1199 2193 1259 2239 ta
1298 2184 1529 2240 statuta.
1568 2186 1778 2241 drzonu
1816 2186 2033 2254 nebyla.

607 2320 879 2388 (Jounnes
916 2323 1159 2377 marchio
1198 2332 1321 2379 erat
1358 2324 1545 2379 Caroli
1580 2325 1762 2379 frater
1790 2324 1981 2394 junior
2019 2335 2204 2395 atque,
2237 2334 2300 2379 ut
2325 2332 2445 2380 tum
2472 2326 2790 2395 videbatur,

390 2406 541 2461 haud
580 2407 781 2463 dubius
819 2409 1003 2464 Caroli
1039 2411 1192 2480 regis
1230 2412 1289 2464 in
1325 2426 1499 2480 regno
1536 2412 1796 2467 Boemiae
1834 2418 2170 2480 successor.)

604 2550 745 2616 Nos
788 2551 1133 2620 Johannes
1180 2553 1261 2623 D.
1306 2574 1396 2638 gr.
1446 2555 1740 2622 marchio
1791 2555 2134 2623 Moraviae
2179 2561 2308 2624 etc.

605 2705 989 2793 (Conteoetus
1076 2713 1349 2774 mutatio
1436 2713 1768 2776 mutandis
1860 2713 2028 2776 idem
2102 2712 2216 2795 qui
2287 2713 2357 2774 in
2430 2709 2786 2795 diplomate

394 2813 863 2898 praecedenti.)

608 2971 745 3037 Nos
798 2972 1022 3055 igitur,
1082 2975 1163 3039 de
1224 2974 1411 3056 cujus
1473 2975 1766 3057 consiliu,
1827 2975 2176 3040 voluntate
2232 2978 2303 3038 et
2364 2971 2789 3037 conniventia

390 3075 613 3142 omnia
662 3075 1011 3156 praedicta
1058 3077 1153 3143 sic
1207 3087 1397 3160 gesta
1457 3087 1627 3161 sunt,
1680 3087 1874 3159 prout
1919 3085 2400 3157 expressantur
2459 3077 2787 3159 superiuS,

392 3181 763 3263 praedictis
810 3183 1109 3249 omnibus
1155 3192 1226 3248 et
1272 3203 1490 3250 eorum
1540 3183 1836 3266 cuilibet,
1884 3187 2080 3264 prout
2117 3181 2186 3245 in
2213 3179 2460 3245 litteris
2499 3179 2791 3260 praefati

395 3286 641 3352 domini
714 3288 929 3353 nostri
996 3287 1429 3368 Imperatoris
1494 3297 1566 3354 et
1622 3289 1800 3370 regis
1865 3289 1936 3353 B.
2001 3286 2176 3351 datis
2239 3286 2546 3364 desuper,
2613 3284 2790 3349 sicut

389 3390 827 3472 praedicitur,
875 3390 1307 3458 inveniuntur
1363 3410 1702 3474 expressa,
1761 3399 2062 3456 nostrum
2127 3387 2572 3455 voluntarium
2636 3406 2792 3453 con-

390 3512 662 3561 sensum
712 3501 904 3574 grato
950 3497 1164 3562 animo
1212 3497 1682 3579 praesentibus
1745 3495 2150 3570 adhibemuS,
2214 3497 2492 3572 gratum,
2555 3496 2793 3574 ratum,

391 3599 649 3665 firmum
695 3618 775 3665 ac
821 3599 1356 3666 incommutabile
1406 3602 1709 3668 volentes
1742 3601 2014 3680 {habere
2075 3605 2416 3680 perpetuo,
2470 3595 2790 3676 quidquid

392 3703 686 3785 praefati
712 3703 957 3769 domini
982 3705 1195 3769 nostri
1219 3755 1235 3772 .
1259 3755 1271 3768 .
1298 3755 1312 3770 .
1337 3705 1582 3769 statuit
1606 3704 1712 3770 vel
1741 3702 2085 3769 sanccivit.
2113 3702 2204 3766 Et
2228 3703 2348 3767 hoc
2377 3699 2594 3780 ipsum
2615 3701 2788 3764 bona

385 3809 517 3874 fide
566 3809 812 3874 ceteris
862 3809 1271 3890 principibus
1309 3828 1387 3876 ac
1420 3808 1778 3874 baronibus
1810 3807 1999 3889 regni
2031 3807 2105 3871 B.
2139 3802 2427 3887 praefati
2461 3811 2532 3869 et
2569 3803 2784 3885 ipsius

386 3931 675 3979 coronae
721 3913 1029 3979 fidelibus
1083 3914 1385 3980 duximus
1448 3913 1982 3995 promittendum,
2047 3911 2174 3976 vid.
2223 3911 2395 3992 quod
2443 3909 2789 3989 praedicta

382 4018 605 4082 omnia
650 4026 721 4082 et
766 4018 1059 4100 ipsorum
1105 4019 1447 4098 quodlibet
1490 4021 1614 4083 sub
1666 4035 1741 4083 eo
1791 4017 2000 4097 mod0,
2063 4015 2240 4079 sicut
2289 4012 2672 4078 continetur
2716 4014 2786 4076 in

386 4123 660 4198 litteris,
704 4127 775 4190 in
822 4141 967 4189 eum
1016 4141 1256 4204 casum,
1307 4123 1417 4188 ubi
1466 4121 1844 4203 praefatum
1889 4119 2393 4185 serenissimum
2458 4115 2789 4180 dominum

384 4235 689 4294 nostrum
734 4228 1213 4310 Imperatorem
1259 4233 1330 4293 et
1376 4244 1599 4307 regem
1657 4227 1722 4290 Β.
1773 4224 1996 4309 (quem
2035 4222 2217 4287 Deus
2252 4219 2619 4299 custodiat)
2655 4237 2789 4285 non

382 4332 646 4398 relictis
692 4331 1051 4398 heredibus
1097 4349 1299 4396 sexus
1345 4330 1695 4395 masculini
1727 4330 1811 4394 ab
1845 4329 1969 4392 hac
2003 4325 2150 4392 luce
2185 4325 2490 4407 migrare,
2522 4341 2777 4404 nosque
