3288 4973
61 5 123 1000 f-wwwv‘vaewwfflfflq

124 593 127 596 ⁴
124 499 135 508 ν
130 351 133 354 ⁴
140 297 143 300 ,
132 259 151 264 Ι.
146 233 149 236 ”
128 179 133 182 -
134 113 139 118 .
116 81 129 88 “·
122 5 158 52 ’.ε

1512 410 1600 423 —-
1651 377 1908 441 102—

721 580 1287 667 Recognoscimus
1353 581 1832 666 nichilominnS,
1905 583 2097 666 quod,
2165 580 2224 647 si
2292 579 2475 648 cives
2543 578 2675 646 iam
2740 577 2900 648 dicti

509 692 913 770 procurante
961 705 1081 754 seu
1126 687 1485 754 mandante
1538 688 1869 753 aduocato
1932 686 2076 769 ipso
2138 686 2368 752 hostes
2430 682 2734 751 ciuitatis
2787 687 2902 749 aut

504 798 771 859 nostros
818 792 1225 873 insequendo
1275 795 1395 856 aut
1441 791 1644 858 etiam
1691 791 2064 858 invadendo
2107 789 2565 873 dampnificati
2595 787 2897 854 raciona-

508 896 737 964 biliter
776 895 1049 980 fuerint,
1095 895 1243 978 ipsa
1289 914 1412 961 sua
1460 897 1743 978 dampna
1789 896 1886 962 eis
1933 896 2307 964 tenebimur
2353 894 2704 961 resarcire.

714 1001 785 1068 Si
830 1001 977 1082 quis
1024 1019 1184 1068 vero
1233 999 1592 1067 feudalium
1638 1000 1989 1068 districtus
2053 999 2500 1068 Gorlitzensis
2547 1001 2722 1065 bona
2767 1016 2901 1080 sua,

510 1125 681 1188 quae
706 1105 1022 1189 possidet,
1056 1123 1445 1186 quocunque
1476 1104 1672 1171 titulo
1705 1107 1998 1173 vendere
2028 1123 2149 1173 seu
2178 1106 2476 1173 alienare
2508 1101 2901 1185 decreuerit,

510 1229 631 1292 per
676 1211 1074 1278 aduocatum
1122 1207 1497 1292 praefatum
1542 1208 1888 1276 licenciam
1942 1210 2297 1276 recedendi
2345 1211 2431 1275 de
2475 1209 2728 1276 eisdem
2773 1208 2901 1277 sibi

510 1315 658 1382 dari
682 1314 1076 1397 simpliciter
1098 1313 1491 1398 inhibemuS‚
1517 1332 1859 1396 quousque
1889 1333 2012 1396 per
2042 1315 2217 1382 viam
2250 1313 2512 1399 amoris»,
2537 1313 2901 1395 aequitatis

513 1420 620 1488 vel
666 1418 971 1486 iusticiae
1018 1437 1165 1484 cum
1214 1418 1353 1484 suis
1399 1418 1700 1486 omnibus
1749 1425 2102 1501 componat
2148 1418 2614 1502 creditoribuS,
2661 1420 2898 1500 quibus

510 1524 803 1591 scienter
848 1541 1168 1606 praesens
1200 1523 1531 1590 debitorie
1561 1522 1782 1591 fuerat
1815 1525 2166 1606 obligatus.

714 1629 807 1695 Et
852 1646 935 1696 ne
982 1628 1149 1713 quis,
1196 1627 1648 1710 cuiuscunque
1693 1627 2114 1712 conditionis,
2159 1633 2382 1695 status
2430 1629 2540 1695 vel
2582 1629 2900 1710 praeemi-

516 1733 795 1800 nenciae
826 1731 1049 1817 fuerit,
1074 1734 1394 1799 tabernas
1426 1752 1623 1800 unam
1647 1735 1754 1803 vel
1775 1733 2001 1816 plures
2020 1731 2196 1798 infra
2216 1732 2604 1799 distantiam
2625 1732 2902 1800 miliaris

509 1839 701 1905 unius
746 1857 787 1904 a
833 1836 1114 1904 ciuitate
1161 1837 1307 1919 ipsa
1338 1839 1423 1904 de
1453 1857 1626 1905 novo
1659 1845 2042 1921 praesumat
2083 1838 2447 1905 omnimodo
2495 1838 2896 1919 instaurare,

513 1943 621 2012 vel
666 1943 945 2010 tutelam
988 1943 1035 2008 J
1040 1945 1399 2010 udaeorum
1444 1942 1978 2026 Gorlitzensium,
2010 1961 2175 2025 quos
2209 1942 2464 2012 ciuibus
2495 1941 2903 2025 saepedictis

509 2048 998 2132 gubernandos,
1072 2049 1403 2132 regendos
1470 2052 1543 2116 et
1607 2049 1694 2114 ab
1761 2047 2022 2130 injuriis
2103 2048 2509 2130 quibuslibet
2575 2052 2899 2128 perpetuo

510 2152 957 2221 defensandos
1001 2156 1248 2236 nostro,
1293 2153 1610 2219 heredum
1671 2156 1743 2218 et
1789 2170 2248 2220 successorum
2293 2157 2668 2220 nostrorum
2715 2169 2902 2232 prae-

508 2258 837 2340 pictorum
861 2259 1123 2322 nomine
1146 2260 1215 2322 et
1239 2256 1387 2324 vice
1412 2256 1878 2323 committimus
1912 2275 2156 2340 curam,
2187 2257 2316 2323 sibi
2345 2275 2512 2324 ausu
2547 2254 2900 2322 temerario

519 2362 899 2428 vendicare.

718 2465 800 2533 In
848 2484 1123 2549 quorum
1177 2465 1461 2534 omnium
1506 2466 1954 2535 testimonium
2011 2472 2082 2535 et
2128 2467 2459 2535 cautelam
2516 2465 2900 2549 ampliorem

509 2575 902 2656 praesentes
968 2571 1204 2638 literas
1271 2570 1424 2639 fieri
1490 2578 1562 2640 et
1628 2572 1834 2657 sigilli
1902 2572 2118 2640 nostri
2179 2570 2445 2657 maioris
2523 2571 2892 2655 patrocinio

510 2677 789 2747 fecimus
836 2676 1157 2744 roborari.

718 2782 971 2850 Datum
1030 2787 1105 2849 et
1146 2786 1373 2849 actum
1416 2780 1686 2849 Gorlicz
1746 2801 1804 2849 a.
1861 2782 1942 2849 D.
2008 2788 2194 2867 1329,
2247 2780 2430 2849 XIV.
2487 2781 2637 2851 Kal.
2691 2780 2897 2850 Junii.

715 2884 806 2974 (E
843 2888 1036 2973 copia
1080 2885 1343 2969 Rudoffi
1387 2887 1683 2972 episcopi
1742 2887 1885 2953 ᾱᾱο.
1949 2885 2189 2952 Godow
2236 2888 2340 2953 25.
2391 2886 2550 2957 Nov.
2611 2887 2784 2950 1424
2829 2887 2900 2949 in

507 2991 769 3057 archivo
834 2992 954 3060 civ.
1016 2990 1450 3057 Gorliczensis
1538 3000 1876 3057 asservata
1965 2993 2138 3077 typis
2227 3014 2360 3060 exc.
2433 2990 2765 3077 Tachoppe
2839 3000 2900 3056 ct

516 3094 790 3163 Stenzel.
838 3132 917 3143 —
966 3094 1203 3161 Kb'hler
1247 3096 1300 3164 Ι.
1343 3096 1525 3182 148.)
2076 3102 2078 3106 ’

715 3256 826 3323 89.
872 3248 1113 3322 Vitko
1152 3251 1559 3340 episcopus
1592 3252 1998 3324 Misnensis
2032 3255 2412 3322 contestat
2444 3251 2900 3323 divisionem

510 3358 877 3427 bonorum
908 3355 1112 3426 inter
1140 3356 1425 3426 fratres
1462 3377 1643 3429 suos
1677 3356 1870 3427 dom.
1901 3355 2309 3427 Hen1·icum
2341 3359 2418 3427 et
2441 3356 2902 3447 Thymonem

512 3461 605 3533 de
648 3459 992 3532 Kolditz.

1166 3550 1361 3636 1330,
1404 3552 1470 3620 5.
1518 3548 1739 3620 Febr.
1809 3547 2234 3637 (Mogelin.)

722 3669 946 3759 (Arch.
989 3666 1058 3738 S.
1112 3670 1347 3758 Wenc.)

718 3830 827 3897 90.
874 3825 1182 3897 Uli-icus
1219 3846 1469 3898 comes
1502 3826 1594 3897 de
1626 3825 2210 3916 Leuchtenbe1·g
2242 3826 2584 3899 declarat
2613 3847 2698 3898 se
2731 3846 2902 3899 esse

510 3931 891 4004 vasallum
936 3929 1258 4001 Joannis
1303 3930 1517 4019 regis
1560 3930 1641 4002 in
1673 3932 2076 4003 medietate
2108 3932 2350 4003 castri
2378 3932 2899 4004 Peczenstein.

1420 4047 1617 4132 1330,
1663 4048 1727 4115 9.
1774 4044 1996 4118 Febr.

714 4166 842 4220 List
899 4164 1165 4221 Oldricba
1223 4165 1512 4235 lantgrabi
1564 4182 1597 4219 z
1651 4167 2045 4237 Laytmberka,
2113 4170 2180 4223 ie
2249 4168 2316 4223 od
2382 4169 2541 4223 krale
2607 4168 2756 4225 Jana
2811 4185 2886 4226 na

511 4255 707 4311 zamek
744 4250 1115 4308 Peczenstein
1149 4252 1277 4309 leno
1308 4250 1497 4323 prijal.
1536 4254 1690 4315 1330.

722 4348 841 4437 (A.
876 4348 971 4421 Κ.
1005 4387 1091 4397 -
1124 4346 1337 4414 Emler
1369 4346 1491 4419 III.
1538 4348 1761 4439 1618.)
