3288 4973
1343 294 1729 353 ——609--

556 588 857 655 susceptio.

490 718 499 729 .
556 675 789 729 Joannis
852 672 1186 727 marchionis
1246 674 1298 725 J.
1356 669 1492 723 obli-

555 763 714 830 gatio
753 762 824 813 ad
853 760 985 829 jura
1023 758 1422 825 recuperanda.

350 852 502 901 -51.
558 849 792 903 Joannis
829 849 1036 901 march.
1078 845 1395 899 enuntiatio
1424 844 1490 897 de

558 936 974 988 marchionatus
1015 934 1386 987 devolutione.

346 1025 499 1077 -55.
557 1004 914 1075 Confirmatio
953 1020 1271 1073 collationis
1323 1020 1492 1083 impe-

556 1110 730 1161 stalis..

349 1201 501 1251 —63.
557 1196 803 1249 Primum
831 1200 1230 1247 testamcutum
1259 1194 1293 1245 J
1297 1191 1492 1245 oannis

557 1282 766 1335 march.

349 1373 502 1423 ——65.
559 1367 856 1422 Promissio
930 1368 996 1419 cle
1053 1368 1270 1421 Joanne
1349 1380 1492 1417 mar-

559 1458 752 1511 chione
793 1465 852 1510 et
881 1455 1270 1509 marchionatu
1297 1457 1492 1505 contra

559 1544 914 1597 adversarios
949 1541 1282 1610 adjuvando.

475 1634 502 1683 '.
559 1631 870 1685 Secundum
939 1634 1344 1683 testamentum
1399 1626 1492 1681 Jo-

563 1718 722 1769 annis
761 1717 968 1769 march.

419 1836 487 1843 —-
557 1807 803 1859 Joannes
840 1803 1086 1856 ’marchio
1125 1799 1408 1868 promittit
1433 1815 1491 1851 se

555 1892 766 1944 nullum
839 1890 1004 1957 regni
1075 1889 1136 1941 B.
1212 1886 1493 1941 subditum

557 1986 752 2031 contra
804 1978 956 2045 regis
1009 1978 1360 2029 voluntatem
1400 1975 1492 2027 de-

557 2066 858 2118 sensurum.

417 2183 484 2191 -—
557 2152 740 2205 Caroli
789 2150 1106 2205 enuntiatio
1146 2164 1312 2214 super
1351 2146 1493 2213 posi-

556 2239 708 2291 tione
729 2238 1172 2306 margraviornm
1192 2234 1493 2287 Moraviae.

495 2368 504 2379 .
559 2326 793 2379 Joannis
901 2325 1106 2377 march.
1205 2322 1495 2386 dispositio

561 2410 998 2465 testamentaria
1031 2408 1289 2477 (tertium
1319 2414 1494 2458 testa-

559 2501 847 2564 mentum).

420 2617 486 2626 ———
560 2586 794 2640 Joamiis
843 2585 1049 2638 march.
1101 2583 1387 2648 promissio
1428 2582 1494 2634 (le

560 2673 852 2726 servandis
924 2671 1256 2738 privilegiis,
1333 2669 1378 2722 si
1439 2669 1498 2720 in

561 2775 752 2828 regem
790 2761 854 2812 Β.
891 2766 1326 2824 promoveretur.

425 2879 490 2886 ——-
563 2847 818 2900 Tertium
840 2851 1244 2898 testamentum
1264 2844 1298 2897 J
1304 2842 1498 2895 oannis

564 2933 768 2986 march.
830 2949 930 2998 per
985 2931 1240 2984 carolum
1304 2945 1498 2994 appro-

567 3020 748 3072 batur.

357 3109 508 3160 -72
549 3105 770 3159 Titulus
848 3103 1125 3170 „marchio
1189 3105 1290 3156 M.“
1369 3102 1498 3168 quid

564 3193 864 3261 significet.

351 3313 1002 3401 Normbergenses
1067 3311 1496 3401 bui-gravii.

355 3431 507 3481 1353.
561 3427 778 3480 Foedus
818 3427 1243 3494 burgraviorum
1281 3425 1345 3478 N.
1376 3440 1499 3478 cum

567 3515 766 3566 Catulo
805 3529 956 3581 rege.

354 3603 507 3651 -66.
561 3599 821 3652 Litterae
838 3599 1209 3666 obligatoriae
1225 3599 1496 3652 Friderici

562 3690 622 3738 et
659 3683 894 3737 Alberti.

351 3775 507 3825 -68,
566 3771 748 3824 Pacta
787 3773 1086 3836 sponsalia.

383 3890 905 3963 olomucensis
952 3894 1463 3982 episcopatus,

356 4006 506 4058 1323.
563 4005 997 4074 Privilcgiorum
1053 4023 1151 4072 per
1187 4009 1498 4062 Johannem

563 4107 754 4160 regem
793 4093 1156 4146 confirmatiO.

356 4180 510 4230 -42
568 4179 882 4232 Eorundem
937 4181 1356 4249 privilegiorum
1399 4199 1500 4250 per

570 4267 826 4318 (¹arolum
880 4267 1086 4320 march.
1139 4268 1499 4324 confirmatio.

465 4385 610 4426 codex
640 4389 716 4436 jur.
753 4388 853 4428 boh.
883 4389 933 4428 11.
975 4395 1008 4429 1.

487 545 497 554 .
556 502 978 556 Marchionatus
1053 501 1270 553 nomine
1337 496 1492 549 feudi
1541 500 1548 601 Ι
1602 514 1753 565 1343,

1601 686 1755 738 —53.

1599 773 1753 824 —-65.

1603 1156 1753 1207 1306.

1609 3152 1763 3201 ——42.

1608 3238 1761 3288 —48.

1607 3497 1761 3546 -—49.

1810 510 2182 575 Episcopatus
2258 508 2317 560 in
2378 508 2597 561 feodum
2661 522 2750 559 co·

1811 612 1981 650 ronae
2028 595 2334 647 institutio.
2434 652 2439 657 ⁶

1810 682 2246 758 Privilegiorum
2285 680 2595 734 renovatio.

1814 770 2123 835 Episcopus
2162 768 2409 821 efficitur
2447 782 2629 819 comes
2656 783 2748 819 va-

1810 858 1993 922 pellae
2034 855 2243 925 regalis
2283 854 2563 907 Boemiae.

1798 1012 2093 1099 Opavia
2142 1010 2548 1097 (ducatus).

1810 1152 2125 1221 Privilegia.
2152 1151 2448 1204 civitatum
2478 1148 2748 1215 Opaviae,

1808 1240 2029 1307 Lub3=ic²
2092 1237 2397 1307 ‚Iegerdorf
2454 1242 2513 1288 et
2576 1236 2747 1287 Frou-

1812 1327 2012 1381 dintal.

1744 1454 1755 1465 .
1813 1412 2238 1481 OppigneratiO.
2294 1441 2360 1449 —-
2414 1409 2747 1477 Homagium

1812 1501 1937 1568 regi
1972 1499 2197 1554 Joanni.

1742 1631 1752 1640 .
1810 1588 2066 1641 Ducatus
2117 1586 2345 1639 Nicolao
2398 1583 2527 1637 duci
2567 1583 2746 1635 denuo

1809 1675 1867 1727 in
1892 1674 2119 1727 feudum
2151 1672 2492 1724 conceditur.
2518 1699 2585 1707 —-—
2613 1669 2745 1721 Pro-

1809 1761 2098 1815 missiones
2146 1758 2445 1813 baronibus
2496 1763 2556 1809 et
2592 1754 2745 1808 nobi-

1810 1848 1970 1901 libus.
2010 1878 2075 1884 -—
2114 1844 2472 1897 Confirmatio
2524 1843 2751 1909 privile-

1816 1936 2050 2003 giorum.

1747 2064 1757 2074 .
1819 2022 2023 2073 Berua.

1743 2151 1753 2161 .
1813 2106 2031 2161 Nicolai
2106 2104 2261 2157 ducis
2338 2102 2617 2170 fidejussio
2694 2102 2751 2153 in

1808 2192 2059 2245 favorem
2098 2190 2329 2243 Henrici
2366 2190 2495 2243 olim
2523 2189 2691 2256 regia

1746 2322 1757 2333 .
1814 2278 2111 2344 Separatio
2164 2276 2455 2329 districtus
2516 2276 2751 2327 Prudni-

1818 2382 2017 2419 centus.

1816 2453 2047 2508 Nicolao
2111 2450 2238 2504 (luci
2294 2450 2531 2503 ducatus
2596 2449 2755 2502 Rati-

1812 2539 2003 2593 boriae
2044 2536 2385 2591 conceditur.

1817 2626 2082 2680 Nicolaus
2110 2626 2167 2678 in
2194 2625 2405 2677 ducatu
2425 2623 2753 2676 Ratiboriae

1817 2713 2215 2767 defendendus.

1750 2844 1759 2855 .
1815 2801 2159 2856 Libertates.
2184 2833 2248 2838 ——
2270 2799 2607 2852 Zukmantel
2632 2813 2753 2850 cum

1816 2888 2127 2942 Edelstein.

1818 2976 2074 3028 Ducatus
2131 2973 2383 3026 Ratibor.
2442 2987 2563 3024 cuni
2614 2975 2758 3036 Opa-

1820 3061 2001 3113 viensi
2032 3060 2314 3128 jungitur.

1821 3148 2071 3200 Feudum
2097 3153 2446 3212 perpetuum.

1816 3235 1899 3287 De
1976 3233 2369 3286 marchionatu
2444 3232 2759 3297 Hormiae,

1823 3321 2153 3385 episcopatu
2193 3320 2435 3371 Olomuc.
2465 3325 2524 3370 et
2550 3319 2760 3371 ducatu

1818 3405 2124 3471 Opaviensi
2163 3404 2457 3457 ordinatio.

1819 3492 2057 3545 Collatio
2148 3490 2455 3558 Mora'viaffi
2545 3491 2754 3543 ducatu

1818 3579 2122 3644 opu-riensi
2160 3585 2414 3642 excepto

1750 3709 1761 3719 .
1818 3667 2079 3719 Nicolaus
2119 3666 2228 3718 dux
2269 3664 2473 3729 recipit
2508 3670 2753 3717 castrum

1818 3752 2111 3806 Edelstein
2174 3767 2293 3804 cum
2350 3751 2549 3816 oppido
2606 3750 2751 3803 Zuk-

1816 3841 2047 3892 mantel.

1749 3968 1761 3979 .
1815 3926 2109 3978 (lonc-essin
2195 3925 2431 3978 ducatus
2505 3923 2754 3978 Johanni

1817 4011 1943 4064 duci
1972 4027 2069 4076 per
2098 4012 2355 4064 vai-olum
2374 4027 2559 4076 —per
2586 4011 2754 4064 Wen-

1818 4099 2079 4152 ceslaum.

1816 4185 2115 4237 Investitio
2178 4185 2332 4237 ducis
2389 4185 2625 4238 J‹)a1111i.·‹
2685 4185 2751 4239 de

1820 4272 2027 4324 ducatu
2070 4271 2442 4325 Ratiborensi.

2478 4377 2544 4427 39
