3288 4973
1532 344 1926 404 —150—

526 549 775 616 clerum
800 556 933 615 tam
964 549 1375 615 saecularem
1410 566 1604 629 quam
1635 546 2039 630 religiosum,
2072 544 2418 627 praefatae
2453 542 2918 629 Glogoviensis

526 654 828 720 civitatis
876 654 1079 737 civeS,
1125 670 1459 735 pauperes
1506 659 1576 717 et
1624 652 1893 733 divites,
1926 668 2182 717 necnon
2213 648 2528 733 Judaeos,
2561 650 2918 731 quemlibet

526 759 595 823 in
634 758 788 841 jure
835 778 953 826 suo
1020 762 1090 824 et
1152 757 1280 823 sibi
1344 755 1770 839 competenti,
1831 773 1961 835 quo
2020 774 2060 820 a
2117 755 2448 835 quondam
2509 754 2787 820 ducibus
2851 760 2920 821 et

527 861 806 929 dominis
855 862 1412 945 Glogoviensibus
1460 865 1530 928 et
1574 863 1660 927 ab
1707 859 1852 941 ipso
1901 861 2065 925 dom.
2111 877 2271 941 rege
2320 860 2660 938 hucusque
2704 859 2919 943 gavisi

524 973 701 1049 sunt,
747 967 975 1037 fovere
1022 967 1299 1033 inantea
1344 966 1646 1032 volumus
1695 969 1764 1030 et
1809 966 1893 1031 ab
1942 964 2244 1030 omnibus
2277 962 2615 1029 violentiis
2649 974 2718 1029 et
2751 961 2916 1046 inju-

522 1072 643 1137 riis
690 1069 1159 1138 favorabiliter
1204 1076 1275 1137 et
1320 1069 1804 1155 inviolabiliter
1847 1086 2265 1151 perservare,
2313 1085 2435 1134 nec
2469 1066 2603 1133 ullo
2634 1086 2919 1148 unquam

522 1180 821 1256 tempore
868 1176 1069 1258 ipsos
1114 1174 1518 1259 conjunctim
1564 1175 1674 1242 vel
1721 1172 2004 1257 divisim,
2065 1172 2136 1239 in
2197 1176 2396 1239 rebus
2458 1172 2566 1240 vel
2627 1190 2915 1255 persona

524 1284 758 1346 contra
794 1279 1132 1362 justitiam
1180 1285 1249 1348 et
1288 1279 1459 1365 jura,
1508 1286 1584 1346 ut
1631 1278 2103 1362 praemittitur,
2155 1278 2252 1343 eis
2299 1278 2749 1359 competentia
2793 1296 2916 1344 seu

522 1383 877 1451 libertates
934 1385 1031 1453 eis
1076 1385 1293 1452 factas
1341 1386 1692 1467 offendere,
1739 1400 1864 1449 nec
1925 1382 2127 1449 etiam
2188 1382 2543 1463 quidquam
2602 1383 2916 1465 vendere,

528 1488 821 1570 obligare
868 1490 977 1557 vel
1024 1490 1319 1556 alienare
1372 1491 1442 1555 in
1490 1487 1790 1572 civitate,
1850 1486 2166 1554 districtu
2224 1490 2294 1553 et
2339 1486 2682 1552 territorio
2727 1492 2919 1553 ante-

528 1592 728 1659 dictis
775 1593 1241 1678 promittimus,
1287 1594 1419 1661 nisi
1463 1598 1724 1659 tantum
1775 1612 1891 1675 pro
1939 1592 2349 1674 temporibus
2395 1592 2580 1658 vitae
2626 1597 2922 1659 nostrae.

729 1696 1124 1765 Profitemur
1170 1698 1390 1782 etiam,
1436 1700 1613 1779 quod
1661 1698 1718 1765 si
1764 1716 1884 1763 nos
1944 1698 2193 1764 liberos
2255 1696 2376 1763 auf
2429 1694 2601 1763 filias
2662 1696 2918 1765 habere

523 1802 890 1887 contingat,
935 1802 1123 1870 nobis
1172 1804 1573 1886 superstitos
1621 1802 1731 1869 vel
1787 1802 2210 1885 superstitaS,
2269 1799 2398 1867 hiis
2458 1819 2589 1867 non
2646 1802 2919 1869 obstan-

516 1905 717 1989 tibus,
784 1906 1259 1989 quamprimum
1329 1909 1501 1974 diem
1564 1906 1999 1974 clauserimus
2063 1912 2448 1988 extremum,
2508 1911 2922 1988 praenotata

516 2010 777 2093 civitaS,
823 2012 1175 2078 districtus
1221 2017 1291 2078 et
1336 2011 1752 2078 territorium
1815 2010 2266 2093 Glogoviense
2327 2028 2474 2076 cum
2533 2010 2920 2077 hominibus

520 2121 590 2181 et
636 2120 778 2181 toto
827 2114 1111 2182 dominio
1158 2118 1244 2182 ad
1291 2117 1668 2199 praefatum
1715 2118 1880 2183 dom.
1928 2134 2170 2199 regem,
2211 2116 2494 2181 heredes
2541 2120 2612 2181 et
2649 2134 2922 2183 succes-

518 2238 702 2285 sores
751 2237 904 2285 suos
952 2224 1021 2285 et
1066 2222 1150 2286 ad
1198 2240 1473 2309 regnum
1520 2220 1832 2288 Boemiae
1878 2220 2089 2288 libere
2137 2221 2594 2287 devolventur.

724 2324 802 2389 In
852 2325 1037 2409 cujus
1083 2329 1209 2390 etc.

724 2463 967 2530 Actum
1033 2469 1105 2531 et
1172 2466 1401 2531 datum
1476 2464 1958 2533 Wratislaviae
2026 2482 2082 2532 a.
2151 2464 2231 2530 D.
2305 2470 2466 2532 1337
2537 2463 2607 2532 in
2664 2470 2924 2534 octava

518 2569 973 2634 Innocentum.

724 2706 846 2791 (A.
915 2705 1011 2775 K.
1079 2745 1167 2756 —
1234 2707 1480 2779 Granh.
1550 2708 1597 2772 I.
1661 2731 1732 2792 p.
1803 2709 1946 2774 143.
2011 2744 2095 2756 —
2163 2707 2338 2793 Chyt.
2423 2707 2552 2776 VII.
2613 2710 2760 2778 103.
2833 2749 2926 2760 -—

520 2811 676 2880 Εηιι.
724 2812 836 2880 ιν.
884 2812 1055 2898 369.)

722 3005 872 3072 13¹7.
919 3002 1293 3073 Hem-icus
1338 3003 1494 3072 dux
1540 3002 1856 3088 Slesiae,
1891 3003 2239 3073 dominus
2270 3003 2352 3073 in
2381 3003 2926 3096 Furstenberg

516 3107 595 3176 et
624 3107 670 3175 J
679 3126 889 3191 avor,
922 3106 1305 3194 promittit
1336 3127 1419 3176 se
1453 3107 1656 3176 velle
1685 3127 1944 3194 regem
1969 3109 2056 3178 Β.
2082 3108 2165 3178 in
2186 3107 2575 3179 civitatem
2599 3109 2924 3196 Glogov

514 3209 923 3280 immittere
967 3211 1366 3299 ipsumque
1402 3210 1704 3300 juvare.

1442 3336 1638 3420 1337,
1685 3340 1750 3403 4.
1800 3335 1972 3405 Jan.

718 3473 856 3538 Nos
903 3473 1261 3540 Heinricus
1310 3474 1389 3538 D.
1436 3494 1533 3558 gr.
1579 3477 1716 3540 dux
1765 3475 2044 3558 Sleziae,
2107 3477 2404 3543 dominus
2465 3476 2534 3543 in
2592 3479 2921 3548 Furstin-

508 3580 673 3661 berg
718 3585 787 3642 et
834 3576 899 3643 in
946 3579 1194 3661 Jawor,
1236 3581 1322 3644 ad
1355 3579 1661 3645 notitiam
1691 3580 2148 3648 universorum
2182 3585 2413 3648 tenore
2445 3584 2922 3663 praesentium

508 3681 809 3747 volumus
834 3682 1207 3767 pervenire,
1233 3685 1405 3763 quod
1431 3702 1573 3750 cum
1600 3685 1989 3768 magnificus
2017 3686 2344 3770 princeps,
2371 3689 2533 3752 dom.
2555 3687 2923 3758 Johannes

508 3785 582 3851 B.
630 3805 750 3852 rex
796 3785 1077 3853 illustris
1124 3807 1204 3853 ac
1250 3807 1467 3855 comes
1514 3789 1606 3873 L.,
1671 3791 1962 3856 sororius
2011 3795 2242 3858 noster
2287 3790 2688 3874 carissimuS‚
2739 3794 2926 3863 civi·

508 3895 716 3956 tatem
763 3910 948 3957 suam
998 3891 1382 3975 Glogoviam
1432 3913 1576 3960 cum
1626 3900 1766 3961 toto
1815 3894 2157 3962 territorio
2205 3902 2276 3962 et
2320 3895 2604 3962 dominio
2636 3915 2718 3963 ac
2750 3899 2926 3968 aliis

507 3994 840 4061 universis
887 3997 1335 4078 pertinentiis,
1380 4005 1594 4064 motus
1642 3999 1783 4064 zelo
1831 4001 2137 4066 sincerae
2168 4000 2520 4083 amicitiae,
2555 4001 2749 4068 nobis
2783 4023 2926 4086 pro

508 4098 689 4167 vitae
738 4107 1011 4166 nostrae
1058 4101 1467 4183 temporibus
1524 4102 1893 4186 donaverit,
1957 4103 2134 4170 datis
2195 4104 2386 4171 nobis
2447 4105 2585 4171 suis
2643 4104 2928 4178 litteris

508 4219 710 4284 super
772 4224 867 4288 eo,
935 4224 1187 4285 nosque
1255 4208 1340 4271 ad
1410 4224 1909 4289 recompensam
1980 4208 2328 4276 viceversa
2396 4229 2756 4292 congruam
2841 4221 2927 4281 et

508 4307 873 4393 decibilem,
920 4309 1033 4376 ubi
1078 4309 1459 4394 poterimus,
1504 4328 1637 4377 non
1686 4311 1992 4379 inmerito
2053 4333 2167 4395 pro
2229 4313 2482 4381 viribus
2545 4313 2927 4387 intendere
