3288 4973
1417 365 1806 428 —173—

420 567 662 633 nostris
739 568 1220 648 procuratoriis
1294 565 1779 634 sufficientibus
1854 567 2158 634 duximus
2232 565 2803 662 transmittendos

418 671 860 738 mediantibus
908 670 1394 740 sufficientibus
1438 671 1759 756 legitimis
1806 676 1876 738 et
1921 671 2181 739 idoneis
2241 672 2589 756 pignorum
2642 668 2801 736 obli-

417 775 798 859 gationibus
843 794 964 843 seu
1011 794 1442 860 personarum
1489 776 1904 844 credibilium
1952 782 2024 844 et
2067 775 2433 844 valentium
2476 773 2802 842 fideiussi-

414 881 668 965 onibuS‚
715 883 800 950 de
847 881 1086 963 quibus
1132 881 1421 963 praelati
1467 888 1538 948 et
1581 885 1868 949 barones
1915 881 2148 966 nostri,
2194 900 2315 963 pro
2358 880 2507 962 ipsa
2538 879 2802 946 domina

412 1005 526 1052 sua
570 987 715 1053 filia
761 985 1279 1070 transmittendi,
1323 987 1562 1054 merito
1608 986 1990 1053 contentari
2037 985 2304 1055 valeant
2349 989 2419 1050 et
2462 984 2801 1067 valebant,

411 1090 848 1158 assecurabit.

617 1195 808 1278 Quae
853 1197 1346 1278 praedictorum
1401 1198 1626 1262 decem
1686 1195 1957 1264 millium
2018 1213 2385 1263 marcarum
2448 1213 2712 1275 summa,
2758 1215 2799 1262 a

407 1299 513 1366 die
561 1300 1012 1367 traductionis
1058 1301 1270 1383 ipsius
1301 1300 1498 1374 filiae.
1529 1299 1719 1367 nobis
1751 1306 1868 1368 aut
1900 1301 2161 1367 domino
2194 1299 2534 1367 Ludouico
2566 1304 2797 1366 nostro

408 1403 873 1488 primogenito,
917 1422 1159 1486 sponso
1203 1403 1414 1487 ipsius
1461 1403 1763 1470 dominae
1812 1403 2307 1488 Margarethae,
2369 1403 2542 1470 infra
2600 1405 2797 1471 unius

405 1509 564 1575 anni
636 1508 924 1591 spatium
991 1510 1112 1574 sub
1183 1507 1436 1591 poenis,
1503 1506 1809 1574 articulis
1874 1513 1945 1573 et
2008 1506 2517 1584 conditionibuS,
2576 1499 2795 1575 coram

403 1612 730 1695 praelatis
785 1619 855 1678 et
901 1612 1258 1678 baronibus
1318 1613 1665 1692 utriusque
1728 1612 1961 1696 partis,
2022 1618 2182 1680 tunc
2242 1611 2561 1694 temporis
2623 1613 2795 1679 ordi-

406 1718 668 1800 nandiS,
713 1716 1142 1802 integraliter
1185 1722 1256 1783 et
1299 1715 1743 1783 infallibiliter
1798 1717 2257 1800 persolvenda,
2319 1715 2377 1782 si
2437 1715 2505 1782 id
2569 1715 2795 1784 facere

405 1821 679 1904 poterit,
726 1838 980 1902 quoquo
1025 1822 1234 1904 mode,
1279 1825 1478 1902 prout
1522 1838 1594 1886 se
1640 1819 1816 1886 idem
1863 1821 1922 1886 d.
1968 1819 2258 1888 marchio
2292 1821 2371 1884 ad
2407 1820 2591 1905 haec,
2621 1822 2797 1887 bona

410 1933 478 1994 et
526 1927 795 1992 sincera
838 1925 984 2009 fide,
1030 1925 1366 2008 obligauit.

613 2029 689 2096 Si
734 2035 956 2095 autem
1002 2030 1211 2112 ipsam
1257 2033 1468 2094 totam
1514 2046 1830 2094 summam
1861 2030 2089 2095 decem
2122 2029 2393 2095 millium
2426 2049 2793 2098 marcarum

403 2135 582 2201 intra
650 2133 1136 2200 revolutionem
1198 2132 1529 2216 praedicti
1596 2133 1775 2218 anni,
1834 2152 1875 2198 a
1931 2134 2038 2200 die
2084 2132 2529 2200 traductionis
2582 2133 2793 2216 ipsius

403 2237 705 2305 dominae
751 2238 928 2306 filiae
975 2257 1135 2306 suae
1181 2237 1628 2321 computandi,
1661 2255 1821 2303 casu
1855 2237 2076 2319 aliquo
2108 2255 2240 2306 non
2271 2239 2494 2304 doloso
2530 2238 2790 2306 soluere

405 2343 825 2424 aliquatenus
856 2360 986 2410 non
1017 2347 1278 2425 posset:
1315 2362 1396 2410 ex
1427 2347 1588 2409 tunc
1619 2342 2047 2409 medietatem
2078 2359 2373 2408 summae
2405 2343 2795 2424 praedictae

406 2447 582 2514 intra
647 2447 1128 2514 reuolutionem
1195 2446 1355 2515 anni
1423 2447 1773 2531 praedicti,
1848 2446 2037 2514 nobis
2114 2452 2185 2513 et
2250 2446 2381 2529 ipsi
2448 2447 2795 2529 praedicto

403 2552 658 2618 domino
705 2552 1048 2619 Ludouico
1093 2556 1214 2619 aut
1259 2552 1681 2635 procuratori
1735 2570 1853 2619 seu
1916 2552 2461 2635 procuratoribus
2522 2553 2793 2637 nostriS,

400 2674 514 2737 per
557 2674 700 2741 nos,
743 2661 818 2723 ut
847 2657 1324 2741 praemittitur,
1355 2657 1777 2740 deputandis
1810 2656 2075 2723 soluere
2104 2656 2407 2739 promisit
2440 2674 2519 2723 ac
2554 2656 2789 2740 soluet,

401 2760 542 2825 dolo
592 2764 662 2827 et
705 2760 942 2827 fraude
987 2760 1396 2842 quibuslibet
1442 2762 1670 2845 procul
1720 2761 1933 2828 motis.

603 2864 736 2931 Pro
783 2866 1052 2933 residua
1098 2866 1360 2946 quidem
1407 2867 1770 2933 medietate
1816 2866 2027 2948 ipsius
2095 2884 2405 2949 summae,
2469 2866 2658 2933 nobis
2723 2873 2793 2932 et

403 2969 834 3051 primogenito
903 2976 1133 3037 nostro
1200 2989 1326 3039 sua
1390 2972 1671 3055 pig-nora
1745 2970 2149 3037 sufficientia
2218 2975 2287 3035 et
2356 2970 2652 3039 valentia
2722 2970 2791 3036 iu

404 3072 701 3140 Morauia
748 3074 897 3157 sita,
944 3074 1028 3141 de
1074 3074 1311 3155 quibus
1359 3094 1479 3141 nos
1522 3076 1769 3156 etipse
1802 3075 2104 3141 dominus
2135 3074 2517 3141 Ludouicus
2550 3074 2790 3141 nostri-

403 3195 523 3257 que
568 3182 1038 3260 procuratores
1081 3179 1416 3259 praedicti
1468 3178 1849 3245 contentari
1909 3178 2291 3262 poterimuS‚
2352 3178 2533 3244 intra
2592 3179 2789 3245 finem

401 3281 550 3348 anni
597 3299 800 3363 saepe
848 3280 1012 3349 dicti
1060 3288 1129 3347 et
1175 3284 1358 3366 prius
1405 3283 1801 3367 assignabit,
1854 3284 2147 3350 tenenda
2193 3288 2263 3349 et
2310 3284 2618 3349 habenda
2663 3302 2786 3366 per

399 3404 514 3452 nos
559 3392 629 3453 et
677 3386 1185 3469 primogenitum
1231 3392 1553 3470 nostrum,
1599 3385 1744 3452 sine
1792 3385 1941 3452 dolo
1989 3391 2059 3451 et
2104 3385 2360 3470 fraude,
2402 3385 2677 3467 pacifice
2715 3393 2785 3453 et

401 3489 636 3575 quiete,
681 3492 954 3573 tamdiu,
1001 3508 1336 3572 quousque
1381 3492 1709 3557 medietas
1756 3509 2049 3557 summae
2096 3508 2297 3571 saepe
2344 3490 2582 3573 dictae,
2628 3496 2790 3573 puta

403 3594 686 3676 quinque
729 3594 939 3661 millia
985 3614 1356 3665 marcarum
1403 3596 1917 3678 praedictarum,
1978 3596 2170 3662 nobis
2226 3600 2296 3661 et
2342 3593 2472 3676 ipsi
2527 3595 2788 3661 domino

401 3698 732 3767 Ludovico
779 3718 902 3781 per
947 3701 1226 3766 eundem
1273 3701 1608 3766 dominum
1655 3702 2095 3767 marchionem
2127 3698 2334 3765 fuerit
2361 3698 2791 3781 integraliter

407 3805 752 3885 persoluta.

597 3910 738 3976 Nos
797 3926 837 3973 e
907 3925 1230 3974 conuerso
1291 3908 1708 3991 assignamus
1768 3928 1885 3990 pro
1941 3914 2132 3990 parte
2193 3909 2485 3975 eiusdem
2545 3906 2782 3989 primo-

407 4012 602 4095 geniti
657 4013 889 4096 nostri,
952 4012 1214 4079 ratione
1277 4012 1654 4078 donationis
1718 4018 1992 4093 propter
2050 4013 2341 4096 nuptiaS,
2399 4012 2612 4079 eidem
2674 4015 2786 4079 do-

404 4116 608 4183 minae
633 4117 1120 4199 Margarethae,
1146 4116 1490 4199 pecuniam
1516 4136 1661 4183 cum
1693 4122 2041 4199 augmento
2073 4116 2316 4183 tertiae
2348 4117 2564 4198 partis
2598 4117 2784 4198 quin-

405 4220 602 4288 decim
634 4222 842 4289 millia
874 4234 1244 4287 marcarum
1270 4227 1547 4303 propter
1567 4240 1757 4287 suam
1783 4221 2191 4303 praedictam
2217 4222 2455 4304 dotem,
2488 4220 2783 4288 eiusdem

404 4326 666 4392 rationis
715 4330 789 4392 et
837 4326 1236 4409 pagamenti,
1283 4344 1552 4406 quorum
1601 4344 1852 4392 summa
1898 4326 2053 4391 hinc
2099 4326 2251 4391 inde
2298 4328 2384 4391 ad
2446 4344 2784 4392 numerum
