3288 4973
1546 371 1634 383 —
1689 338 1944 401 198—

545 542 793 625 dilecti,
858 541 1209 609 christiani
1274 546 1341 607 et
1394 542 1643 625 judaei,
1717 540 2049 608 continuis
2119 540 2433 623 periculis
2495 539 2629 623 jam
2701 542 2932 607 dudum

548 652 821 730 propter
868 666 988 713 nos
1035 648 1305 713 fuerunt
1353 651 1422 712 et
1466 652 1625 713 sunt
1675 644 1964 726 expositi
1995 646 2169 711 sicut
2203 644 2460 727 signum
2493 646 2578 709 ad
2611 643 2931 727 sagittam,

545 756 742 835 grata
788 751 1253 820 vicissitudine
1305 752 1371 817 in
1420 768 1922 833 recompensam
1971 748 2482 832 praemissorum
2515 749 2680 831 ipsis
2713 766 2930 814 occur-

548 874 697 922 rere
766 855 1218 938 disponentes.
1288 856 1463 920 sicut
1522 858 1738 937 decet,
1806 855 1978 921 hanc
2047 854 2334 937 gratiam
2395 872 2478 919 ex
2531 853 2931 919 liberalitate

548 960 734 1045 regia
777 957 1079 1027 duximus
1126 961 1515 1043 faciendam,
1561 961 1734 1039 quod
1783 978 2008 1025 omnes
2054 958 2288 1025 literas
2331 964 2400 1024 et
2433 957 2699 1043 singula
2732 957 2929 1039 privi-

548 1064 725 1147 legia
772 1066 893 1131 sub
942 1083 1331 1147 quocunque
1376 1070 1610 1130 tenore
1661 1064 1766 1131 vel
1813 1066 1935 1129 sub
1983 1082 2376 1144 quacunque
2408 1066 2759 1129 verborum
2793 1080 2935 1127 con·

551 1168 882 1250 ceptione,
950 1187 1113 1247 quas
1183 1173 1253 1235 et
1318 1188 1484 1248 quae
1546 1188 1585 1233 a
1648 1168 1821 1235 divis
1889 1167 2436 1251 ImperatoribuS,
2503 1168 2936 1233 Romanorum

552 1272 841 1356 regibus,
902 1275 984 1337 ab
1049 1275 1588 1341 antecessoribus
1651 1272 1900 1339 nostris
1961 1273 2002 1337 f.
2047 1292 2126 1338 m.
2171 1272 2438 1353 regibus
2497 1270 2807 1338 Boemiae
2867 1288 2941 1335 ac

556 1396 596 1443 a
644 1377 833 1443 nobis
881 1378 1132 1444 habent
1180 1383 1249 1442 et
1294 1379 1541 1445 habere
1610 1378 2064 1459 dinoscuntur,
2125 1378 2246 1443 sub
2301 1376 2600 1443 omnibus
2661 1374 2941 1458 punctis,
3038 1461 3047 1470 ·

554 1480 872 1546 clausulis
921 1487 991 1547 et
1036 1482 1355 1565 articuliS,
1417 1484 1958 1568 quemadmodum
2006 1483 2074 1548 in
2120 1481 2337 1547 literis
2385 1478 2748 1563 praedictis
2796 1498 2940 1546 con·

560 1585 877 1668 tinentur,
924 1585 1346 1669 ratificamus,
1393 1570 1838 1667 approbamus
1885 1591 1956 1652 et
2001 1587 2082 1651 de
2129 1590 2316 1651 certa
2373 1590 2606 1651 nostra
2663 1583 2943 1651 scientia

558 1690 1036 1773 confirmamuS,
1096 1708 1357 1771 semper
1418 1695 1642 1757 tamen
1703 1690 1889 1757 salvo
1951 1691 2095 1769 iure
2153 1694 2419 1769 nostr03
2479 1688 2736 1755 sincere
2799 1706 2943 1769 pro·

560 1792 927 1875 mittentes,
998 1793 1177 1875 ipsas
1238 1799 1308 1859 et
1368 1793 1514 1877 ipsa
1576 1800 1810 1877 gratas
1871 1800 1941 1861 et
2001 1800 2198 1877 grata
2256 1798 2508 1875 tenere,
2568 1794 2820 1859 habere
2880 1798 2945 1859 et

559 1896 1039 1964 inviolabiliter
1084 1900 1461 1965 observare.

765 2002 857 2069 Et
901 2006 977 2067 ut
1024 2002 1239 2067 dictos
1286 2003 1467 2067 cives
1528 2008 1598 2068 et
1658 2002 1910 2069 incolas
1979 2002 2198 2067 dictae
2260 2002 2562 2079 civitatis
2625 2000 2948 2084 Egi-ensis

560 2106 896 2189 amplioris
942 2107 1419 2189 praerogativa
1464 2108 1723 2190 gratiae
1772 2107 2084 2189 prosequi
2145 2107 2510 2189 videamur,
2571 2106 2748 2187 ipsos
2799 2124 2948 2172 con·

560 2208 767 2277 sortio
822 2210 1095 2279 aliorum
1144 2215 1517 2277 nostrorum
1574 2210 1862 2277 fidelium
1925 2229 2006 2276 ac
2066 2210 2430 2277 incolarum
2488 2208 2675 2291 regni
2735 2206 2946 2276 nostri

560 2314 869 2381 Boemiae
914 2315 1267 2397 aggregari
1329 2315 1626 2381 volumus
1676 2322 1746 2381 et
1791 2314 2259 2397 praesentibus
2315 2331 2778 2397 aggregamuS,
2827 2314 2948 2381 sub

559 2418 857 2485 omnibus
933 2417 1322 2502 privilegiis,
1410 2419 1856 2502 libertatibuS,
1946 2418 2439 2503 praerogativis
2529 2421 2599 2483 et
2687 2418 2947 2502 grat-iiS,

554 2523 789 2618 quibus
834 2523 948 2590 alii
994 2524 1207 2590 nostri
1254 2525 1434 2591 cives
1484 2529 1553 2591 et
1596 2524 1854 2592 incolae
1901 2525 2091 2609 regni
2137 2523 2449 2590 Boemiae
2519 2525 2822 2607 gaudent
2881 2530 2950 2589 et

557 2627 924 2711 potiuntur,
1014 2629 1177 2694 dicti
1252 2629 1465 2696 nostri
1548 2629 1729 2698 cives
1809 2631 2150 2714 Egrenses
2227 2631 2522 2712 gaudere
2600 2633 2669 2694 et
2743 2628 2947 2710 potiri

557 2734 846 2798 debeant
890 2734 1233 2814 perpetuis
1280 2735 1690 2814 temporibus
1735 2733 2011 2800 inantea
2057 2733 2332 2815 pacifice
2381 2740 2451 2799 et
2497 2734 2742 2812 quiete.

768 2836 879 2903 Sic
926 2843 1167 2922 tamen,
1215 2840 1390 2917 quod
1438 2839 1650 2906 nostri
1697 2839 1992 2904 homines
2049 2845 2118 2904 et
2177 2837 2408 2904 fideles
2470 2839 2752 2904 omnium
2815 2842 2950 2904 ter-

482 2979 491 2986 =
557 2959 781 3007 rarum
828 2947 1224 3025 nostrarum,
1270 2945 1723 3028 cujuscunque
1769 2949 1992 3009 status
2039 2962 2157 3009 seu
2215 2938 2614 3009 conditionis
2675 2941 2952 3022 fuerint,

558 3044 807 3113 eisdem
882 3045 1327 3129 libertatibus
1401 3047 1797 3131 privilegiis,
1873 3047 2360 3129 praerogativis
2421 3050 2490 3113 et
2549 3046 2813 3132 gratiiS,
2875 3055 2951 3112 ut

560 3149 992 3234 praedicitur,
1039 3172 1075 3216 e
1124 3170 1445 3218 converso
1489 3154 1560 3218 in
1606 3152 1906 3236 civitate,
1951 3159 2136 3217 terra
2184 3156 2251 3218 et
2297 3151 2609 3218 districtu
2657 3149 2950 3236 Egrensi

560 3256 853 3338 gaudere
900 3261 971 3320 et
1015 3256 1217 3338 potiri
1266 3258 1553 3323 debeant
1599 3258 1784 3324 licite
1831 3262 1902 3324 et
1947 3256 2228 3338 impune.

764 3360 1164 3426 Mandantes
1184 3365 1252 3426 et
1265 3363 1756 3444 praecipientes
1775 3361 2052 3428 firmiter
2065 3360 2474 3444 etdistricte,
2487 3362 2661 3428 hanc
2671 3365 2950 3426 nostrae

557 3462 947 3530 indulsionis
980 3466 1267 3548 gratiam
1299 3471 1388 3532 ab
1416 3467 1714 3533 omnibus
1745 3471 1818 3532 et
1851 3466 2147 3550 singulis,
2182 3467 2558 3548 baronibus,
2597 3465 2952 3548 nobilibus,

554 3564 893 3652 militibuS‚
940 3568 1314 3654 clientibuS,
1360 3569 1618 3638 civibus
1665 3577 1734 3637 et
1783 3571 2132 3637 civitatum
2171 3569 2510 3653 judicibus
2553 3572 2624 3637 in
2669 3587 2952 3653 corpore

559 3671 751 3754 regni
768 3673 1077 3740 Boemiae
1102 3675 1624 3742 consistentibus
1651 3675 2130 3741 inviolabiliter
2154 3681 2224 3741 et
2245 3675 2543 3742 illaesam
2569 3677 2956 3758 observare,

556 3774 756 3840 sicuti
788 3776 1311 3861 indignationem
1342 3789 1636 3846 nostram
1677 3779 2138 3863 gravissimam
2172 3779 2506 3846 voluerint
2537 3781 2816 3847 euitare.

767 3881 1019 3948 Harum
1066 3887 1448 3949 nostrarum
1495 3889 1620 3950 etc.

764 3985 1011 4052 Datum
1057 3987 1321 4072 Pragae
1370 3989 1477 4055 die
1524 3989 1852 4056 dominica
1896 3995 2049 4071 post
2086 3989 2329 4055 festum
2361 3990 2658 4070 corporis
2692 3987 2948 4057 Christi

558 4089 874 4172 proxima,
920 4110 976 4158 a
1022 4093 1101 4158 D.
1153 4097 1332 4159 1341.

764 4201 1117 4288 (Inclusum
1166 4203 1378 4268 literis
1428 4205 1653 4272 Caroli
1699 4207 1806 4277 IV.
1853 4205 1934 4270 ab
1982 4229 2040 4276 a.
2075 4208 2258 4286 1347,
2290 4207 2391 4274 25.
2421 4205 2602 4293 Sept.
2631 4205 2956 4272 -Pelzoz

555 4304 630 4371 K.
678 4305 845 4371 Karl
886 4305 929 4372 Ι
937 4309 999 4380 V.
1052 4309 1200 4377 Urle.
1246 4311 1350 4380 48.
1396 4347 1480 4360 -
1524 4309 1742 4374 Emler
1794 4311 1910 4380 IV.
1953 4311 2131 4400 932.)
