3288 4973
1532 328 1922 398 —2222

736 539 887 613 214.
950 532 1365 611 Preczlaus
1410 539 1814 629 episcopus
1861 530 2503 609 Vratislaviensis
2565 534 2920 606 testatur.

536 647 971 719 Boleslaum
1068 644 1549 732 Brea-ensem,
1651 643 2066 715 Bolkonem
2156 640 2924 726 Falkenbergensem,

534 751 956 822 Bolkonem
1030 751 1533 838 Opolieusem,
1596 747 2076 819 Vladislaum
2145 745 2626 826 Kozlensem,
2697 741 2925 811 Kazi-

538 856 811 925 mirum
870 854 1423 940 Tessineusem,
1480 852 1872 924 Nicolaum
1935 850 2433 938 Opaviensem
2479 850 2558 918 et
2615 846 2924 917 Ratibo·

536 979 835 1030 rensem
868 978 959 1029 ac
990 957 1455 1029 Semovitum
1488 956 2024 1027 Gliwiceusem
2055 953 2288 1024 duces
2311 952 2563 1021 omnia
2592 948 2930 1021 dominia

538 1083 681 1135 sua
710 1063 762 1134 J
763 1063 992 1134 oanni
1021 1063 1195 1150 regi
1226 1063 1305 1132 in
1336 1060 1774 1151 praesentia
1805 1059 1952 1129 filii
1980 1058 2147 1147 ejus
2180 1057 2437 1128 Caroli
2460 1052 2930 1126 marchionis

538 1166 634 1237 Μ.
665 1166 1133 1253 resignasse,
1166 1185 1401 1255 eaque
1432 1166 1529 1236 ab
1560 1164 1821 1237 eodem
1852 1182 2039 1250 rege
2069 1166 2150 1232 et
2171 1180 2454 1233 corona
2483 1159 2710 1247 regni
2737 1158 2823 1229 B.
2851 1158 2932 1227 iu

539 1270 843 1341 feudum
926 1274 1375 1358 perpetuum
1463 1268 1848 1355 recepisse
1921 1271 1998 1337 et
2075 1266 2466 1337 civitatem
2557 1262 2933 1333 vratisla-

545 1374 881 1446 viensem
926 1373 1363 1462 homagium
1408 1371 1958 1444 hereditarium
2004 1370 2176 1458 regi
2223 1373 2302 1441 et
2344 1387 2667 1439 coronae
2699 1366 2930 1453 regni

543 1477 629 1548 B.
656 1477 1121 1563 exhibuisse,
1148 1472 1635 1565 declaratque
1661 1495 1918 1564 regem
1945 1476 2030 1545 B.
2059 1494 2229 1546 esse
2253 1482 2656 1563 patronum
2679 1470 2935 1541 imme·

544 1583 836 1654 diatum
868 1582 875 1589 ’
903 1585 1389 1671 episcopatus
1460 1579 2094 1652 Vratislaviensis
2163 1570 2692 1665 terrarumque
2747 1576 2937 1665 ejus.

1459 1741 1653 1823 1342,
1701 1742 1764 1807 1.
1813 1737 1865 1808 J
1866 1736 2032 1807 ulii.

757 1894 883 1949 List
930 1895 1219 1963 Preclava,
1272 1892 1509 1961 biskupa
1559 1892 2042 1961 VratislavskehO,
2093 1897 2159 1946 ie
2207 1890 2483 1960 Boleslav,
2535 1892 2708 1945 Bolek
2745 1906 2780 1944 a
2811 1890 2944 1959 jina

550 1981 817 2037 kniezata
870 1983 1093 2036 slezska
1146 1983 1349 2035 vsecko
1404 1980 1561 2035 zboii
1618 1981 1731 2047 sve,
1785 1986 1880 2033 coz
1937 1979 2116 2045 kazdy
2169 1978 2355 2033 zvlast
2397 1979 2522 2047 mel,
2575 1976 2762 2031 vzdali
2801 1980 2870 2031 sti
2909 1994 2944 2031 a

549 2069 775 2137 sstupili
814 2068 958 2123 krali
993 2068 1194 2123 Janovi
1246 2068 1505 2121 ceskemu
1554 2067 1790 2121 dedistne
1827 2083 1862 2121 a
1897 2074 1960 2120 tu
2000 2064 2140 2119 zemi
2177 2082 2210 2121 a
2247 2066 2407 2119 zbozi
2457 2066 2526 2119 od
2571 2066 2736 2119 tehoz
2791 2066 2945 2119 Jana

549 2171 584 2209 v
620 2154 895 2209 manstvie
932 2154 1122 2223 priJali
1172 2172 1207 2209 a
1254 2155 1323 2208 od
1380 2156 1613 2212 kraluov
1665 2154 1904 2220 eeskyoh
1957 2154 1974 2207 i
2023 2155 2239 2220 koruny
2277 2153 2442 2206 ceske
2479 2150 2750 2221 prijimati
2789 2153 2949 2221 maji.

756 2310 807 2363 V
848 2316 962 2366 tom
994 2312 1131 2365 take
1165 2310 1303 2365 listu
1356 2315 1607 2379 vyznava
1643 2314 1740 2378 tyb.
1781 2310 1998 2379 biskup‚
2037 2315 2102 2363 ze
2148 2309 2390 2377 vladyky
2431 2324 2465 2362 a
2495 2310 2722 2363 konsele
2759 2311 2948 2364 mesta

550 2396 858 2453 Vratislavi
898 2400 991 2451 tea
1028 2398 1165 2466 pred
1204 2399 1317 2453 nim
1354 2398 1593 2469 vyznali,
1631 2404 1696 2453 ze
1735 2398 1938 2453 knieze
1974 2398 2238 2465 Henrych
2273 2396 2527 2464 posledm'
2569 2397 2804 2465 slezske,
2859 2398 2954 2452 dal

550 2501 584 2540 a
620 2484 826 2554 sstupil
864 2486 1043 2540 mesta
1080 2486 1393 2541 Vratislavi
1430 2501 1491 2540 se
1528 2486 1672 2541 vsim
1706 2490 1934 2554 pravem
1970 2502 2005 2540 a
2038 2484 2488 2553 prinlusenstvim
2543 2484 2689 2539 krali
2742 2484 2954 2540 Janovi

551 2573 811 2627 cesi-remu
848 2575 1041 2642 vecne,
1078 2573 1185 2640 aby
1222 2574 1291 2628 od
1328 2575 1543 2641 koruny
1580 2575 1746 2628 ceske
1782 2571 2139 2628 nerozdielne
2175 2572 2318 2640 bylo.
2361 2575 2496 2628 1342

759 2731 838 2796 In
867 2732 1125 2798 nomine
1158 2731 1421 2798 Domini
1453 2732 1679 2798 Amen.
1715 2732 1852 2797 Nos
1886 2732 2257 2814 Precslau8‚
2281 2730 2409 2796 Dei
2433 2735 2504 2797 et
2529 2731 2952 2812 apostolicae

550 2835 730 2901 sedis
755 2836 1178 2915 providentia
1210 2836 1565 2918 episcopus
1592 2835 2188 2918 WratislaviensiS,
2220 2835 2520 2902 omnibus
2549 2843 2951 2917 praesentes

556 2938 793 3006 literas
837 2939 1255 3007 intuentibus
1288 2940 1553 3022 publice
1586 2941 1988 3022 profitemur,
2022 2941 2194 3020 quod
2225 2939 2558 3024 magnifici
2591 2939 2956 3024 principes,

558 3046 618 3109 d.
665 3044 1009 3111 Boleslaus
1057 3045 1441 3130 BregensiS,
1486 3045 1698 3112 Bolko
1731 3044 2351 3126 Falcembergensis
2382 3051 2454 3110 et
2483 3045 2694 3110 Bolko
2727 3045 2952 3128 Oppo-

558 3148 804 3231 liensiS,
830 3149 1237 3216 Wladislaus
1261 3149 1616 3232 CoslensiS,
1632 3149 2010 3216 Kazimirus
2028 3149 2604 3232 Thesschinensis,
2629 3149 2950 3216 Nicolaus

561 3252 959 3336 Opaviensis
1005 3260 1076 3320 et
1120 3254 1656 3322 Rathiboriensis
1704 3274 1783 3320 ac
1829 3253 2204 3321 Semovitus
2254 3253 2696 3338 Glyvicensis,
2742 3256 2951 3322 duces

560 3364 833 3424 nostrae
896 3358 1479 3426 wratislaviensis
1543 3359 1888 3440 dioecesis,
1951 3361 2017 3424 iu
2064 3365 2297 3426 nostra
2353 3361 2734 3441 praesentia
2797 3379 2952 3426 con·

562 3462 806 3545 stituti,
865 3469 1102 3544 sponte
1178 3471 1712 3547 recognoverunt
1789 3471 1856 3530 et
1933 3463 2194 3545 publice
2271 3471 2428 3530 sunt
2495 3463 2800 3546 confessi,
2879 3485 2956 3530 se

562 3565 963 3632 munitiones
1011 3586 1165 3634 suas
1212 3573 1285 3634 et
1330 3574 1548 3634 terras
1596 3568 1762 3649 ipsis
1809 3569 2164 3650 subjectas
2227 3567 2464 3650 singuli
2524 3587 2679 3635 suas
2727 3574 2954 3636 terras

566 3676 635 3734 et
680 3671 1097 3754 munitioneS,
1146 3672 1211 3736 in
1260 3689 1491 3738 manus
1536 3671 1948 3739 serenissimi
1993 3672 2334 3754 principiS,
2364 3675 2424 3738 d.
2460 3673 2742 3739 Joanms
2777 3675 2958 3758 regis

562 3773 875 3840 Boemiae
942 3776 1340 3858 resignasse,
1411 3775 1762 3856 dictasque
1826 3775 2229 3843 munitiones
2293 3785 2362 3842 et
2425 3786 2645 3842 terras
2721 3779 2958 3845 taliter

564 3877 941 3960 resignatas
988 3882 1071 3946 ab
1118 3883 1345 3946 eodem
1391 3881 1652 3946 domino
1698 3881 2009 3947 Johanne
2073 3900 2248 3964 rege,
2319 3901 2438 3948 suo
2501 3890 2574 3948 et
2633 3885 2952 3949 heredum

562 3999 827 4048 suorum
862 3986 1140 4067 nomine,
1180 3986 1369 4068 regni
1406 3984 1720 4051 Boemiae
1751 3985 1821 4050 in
1852 3991 2244 4067 perpetuum
2276 3984 2540 4052 feudum
2596 3989 2958 4072 recepisse,

556 4085 1005 4167 =iuramentum
1052 4107 1309 4170 quoque
1358 4089 1706 4156 fidelitatis
1743 4097 1814 4154 et
1849 4089 2221 4172 homagium
2269 4090 2399 4171 ipsi
2446 4089 2590 4174 regi
2640 4091 2953 4158 Boemiae

563 4194 635 4256 et
678 4191 816 4257 suis
861 4192 1220 4260 heredibus
1266 4213 1383 4260 seu
1432 4193 1932 4260 successoribus
1982 4193 2298 4278 legitimis
2346 4213 2462 4276 pro
2511 4214 2581 4260 se
2618 4202 2686 4261 et
2727 4217 2950 4264 eornm

566 4295 921 4362 heredibus
968 4298 1408 4380 praestitisse.
