3288 4973
1355 258 1743 318 —263—

559 455 863 524 Clemens
911 457 1277 540 episcopus,
1323 478 1564 527 servus
1609 475 1957 531 servorum
2004 459 2150 527 Dei.

553 561 659 625 Ad
709 567 1098 642 perpetuam
1144 564 1240 630 rei
1288 564 1685 631 memoriam.

557 665 1002 732 Personarum
1044 666 1401 734 illustrium
1449 669 1642 750 votiS,
1690 667 1824 734 illis
1871 667 2288 749 praesertim,
2336 685 2505 748 quae
2540 685 2737 732 vene-

353 767 676 834 rationem
723 774 1106 836 sanctornm
1166 772 1554 854 respiciunt,
1615 778 1923 839 tenemur
1985 775 2057 838 et
2119 770 2414 852 cupimus
2475 769 2737 839 favora-

353 870 574 938 biliter
597 874 968 940 subvenire.
997 875 1315 943 Exhibita
1338 876 1662 958 siquidem
1688 877 1878 943 nobis
1904 875 2133 942 dilecti
2159 875 2297 954 filii,
2328 873 2567 942 nobilis
2606 873 2738 940 viri

355 975 587 1060 Caroli,
645 979 1048 1046 marchionis
1109 980 1468 1064 Moraviae,
1530 980 1960 1064 primogeniti
2022 973 2400 1046 charissimi
2460 979 2526 1046 in
2589 979 2741 1043 Chr·

353 1079 466 1146 filii
511 1081 744 1164 nostri,
790 1083 838 1150 J
839 1084 1071 1150 oannis
1119 1085 1298 1168 regis
1345 1086 1657 1151 Boemiae
1705 1084 2005 1167 illustria,
2055 1081 2294 1165 petitio
2332 1083 2739 1171 continebat,

355 1187 522 1264 quod
545 1186 694 1268 ipse
719 1189 800 1253 ob
826 1188 1245 1256 devotionem
1273 1195 1343 1255 et
1367 1190 1814 1258 reverentiam
1842 1189 1903 1256 S.
1934 1188 2333 1271 Wenceslai,
2369 1187 2517 1254 olim
2551 1187 2738 1253 ducis

355 1289 678 1370 Boemiae,
740 1293 823 1358 de
870 1312 1040 1359 novo
1085 1293 1230 1360 fieri
1275 1293 1439 1361 fecit
1484 1297 1811 1375 quoddam
1858 1293 2027 1359 satis
2074 1294 2433 1376 pretiosum
2483 1295 2739 1376 regium

357 1393 671 1477 diadema,
717 1395 1011 1478 illudque
1058 1399 1344 1480 glorioso
1391 1399 1600 1480 capiti
1649 1397 1811 1464 dicti
1858 1397 2095 1480 sancti,
2144 1397 2334 1463 cuius
2380 1415 2621 1479 corpus
2669 1396 2737 1463 in

354 1498 675 1579 Pragensi
719 1501 1082 1582 requiescit
1127 1503 1430 1586 ecclesia,
1477 1503 1751 1570 donavit
1798 1506 1869 1568 et
1913 1501 2077 1568 fecit
2117 1502 2380 1583 apponi,
2412 1519 2493 1571 ea
2522 1501 2739 1568 inten-

355 1603 550 1688 tione,
597 1610 674 1670 ut
718 1607 804 1671 ab
864 1605 1007 1687 ipso
1069 1607 1292 1689 capite
1355 1626 1486 1674 non
1547 1609 1796 1674 debeat
1853 1605 2168 1688 amoveri,
2226 1606 2357 1673 nisi
2414 1608 2741 1673 duntaxat

355 1709 612 1788 qnando
658 1727 881 1792 regem
929 1711 1021 1788 B.,
1068 1711 1177 1791 qui
1235 1729 1350 1793 pro
1411 1717 1708 1792 tempore
1769 1708 1993 1793 fuerit,
2054 1712 2138 1776 de
2198 1729 2371 1776 novo
2433 1711 2738 1776 coronari

357 1811 454 1878 vel
501 1812 638 1878 alia
686 1832 806 1896 per
851 1817 1129 1880 eundem
1179 1833 1400 1897 regem
1448 1815 1785 1896 solemnia,
1833 1833 2002 1896 quae
2048 1814 2294 1896 regalis
2340 1814 2737 1882 diadematis

355 1934 536 1983 usum
581 1918 948 2002 exigerent,
992 1920 1062 1987 in
1110 1920 1387 1987 civitate
1432 1921 1541 1986 vel
1607 1919 1947 1986 suburbiis
2008 1919 2462 2001 Pragensibus
2522 1917 2734 1985 solen-

353 2022 524 2088 niter
599 2022 973 2106 contigeret
1049 2023 1405 2106 celebrari3
1499 2043 1622 2104 quo
1702 2042 1862 2091 casu
1936 2023 2141 2090 liceat
2216 2021 2521 2108 praefato
2596 2024 2738 2106 regi

352 2125 652 2194 diadema
720 2127 934 2209 ipsum
999 2129 1322 2213 recipere,
1382 2129 1478 2194 sic
1538 2133 1781 2210 tamen,
1840 2129 2011 2209 quod
2071 2128 2283 2210 ipsum
2343 2129 2573 2194 eadem
2632 2127 2738 2194 die

356 2231 798 2298 coronationis
860 2231 968 2298 vel
1039 2233 1510 2299 celebrationis
1569 2233 1944 2300 huiusmodi
2004 2231 2216 2300 eidem
2276 2235 2475 2300 beato
2531 2233 2739 2315 capiti

352 2353 669 2417 reponere
721 2342 1049 2403 teneatur.

553 2440 803 2509 Verum
878 2439 1034 2522 quia
1109 2441 1282 2508 idem
1358 2440 1673 2525 mai-chin,
1750 2443 1924 2509 sicut
1992 2443 2221 2511 eadem
2292 2441 2739 2525 subjungebat

355 2544 601 2627 petitio,
664 2545 1099 2629 pertimescit,
1167 2566 1250 2612 ne
1317 2546 1524 2627 aliqui
1572 2553 1847 2630 propter
1890 2566 2194 2631 magnam
2244 2546 2735 2629 pretiositatem

351 2648 554 2731 ipsius
601 2648 998 2717 diadematis
1046 2670 1164 2717 seu
1202 2650 1400 2717 aliam
1435 2670 1701 2718 causam
1733 2652 1877 2734 ipso
1910 2650 2287 2718 diademate
2320 2650 2511 2718 abuti
2543 2668 2731 2733 prae-

355 2762 630 2838 sumant,
675 2754 868 2822 nobis
915 2754 1256 2821 humiliter
1297 2754 1721 2839 supplicavit,
1752 2762 1828 2822 ut
1860 2774 2063 2838 super
2095 2756 2220 2821 hoc
2252 2757 2334 2821 de
2368 2759 2738 2838 opportuno

353 2859 700 2937 providere
724 2858 1014 2925 remedio
1041 2859 1478 2943 dignaremur.
1503 2860 1640 2927 Nos
1658 2860 1865 2943 igitur
1880 2860 2087 2943 ipsius
2108 2860 2511 2927 marchionis
2527 2859 2593 2926 in
2612 2862 2738 2926 hac

353 2968 540 3041 parte
570 2963 834 3029 devotis
868 2964 1463 3045 supplicationibus
1496 2964 1823 3049 inclinati,
1846 2964 2259 3031 auctoritate
2283 2965 2738 3045 praesentium

351 3062 717 3133 districtius
749 3066 1140 3150 inhibemuS,
1173 3072 1249 3133 ut
1279 3069 1515 3151 nulluS,
1551 3074 1685 3134 tam
1720 3068 2001 3135 clericus
2038 3088 2229 3149 quam
2260 3068 2490 3151 laicuS,
2517 3070 2732 3136 cuius·

350 3187 598 3250 cunque
632 3170 1215 3253 praeeminentiae,
1248 3170 1600 3253 dignitatis
1633 3178 1753 3240 aut
1784 3178 2003 3238 status
2040 3174 2307 3255 existat,
2349 3175 2595 3240 audeat
2626 3176 2734 3241 vel

349 3278 722 3353 praesumat
770 3274 1076 3341 diadema
1121 3276 1536 3357 praedictum
1583 3294 1974 3356 quocunque
2020 3278 2227 3357 modo,
2281 3276 2502 3361 titulo,
2546 3296 2733 3346 occa-

351 3376 530 3443 sione
560 3379 667 3445 vel
697 3395 904 3445 causa
926 3379 1240 3465 alienare,
1269 3378 1644 3448 distrahere
1671 3398 1789 3447 seu
1815 3379 2075 3462 pignori
2097 3380 2420 3463 obligare3
2445 3382 2736 3463 alioquin

352 3497 572 3548 omnes
616 3489 687 3549 et
731 3482 1052 3566 singulos,
1097 3483 1210 3563 qui
1256 3502 1451 3550 secus
1497 3488 1841 3550 attentare
1885 3482 2424 3568 praesumserint,
2456 3494 2728 3567 praeter

349 3583 512 3651 alias
557 3603 803 3667 poenas
849 3605 917 3652 1n
951 3586 1122 3653 tales
1156 3608 1195 3654 a
1227 3606 1480 3655 canone
1515 3589 1987 3672 promulgataa
2020 3590 2720 3659 excommunicationis

348 3691 760 3773 sententiam,
806 3708 848 3755 a
893 3708 1025 3770 qua
1069 3693 1336 3758 nonnisi
1383 3691 1566 3775 prius
1627 3692 1931 3759 diadema
1992 3693 2205 3775 ipsum
2265 3694 2470 3775 capiti
2526 3713 2719 3777 prae-

345 3794 520 3860 dicto
566 3792 1006 3876 reposuerint,
1067 3814 1191 3861 nec
1237 3800 1395 3861 tunc
1442 3814 1562 3878 per
1607 3797 1807 3861 alium
1856 3816 2048 3877 quam
2093 3796 2459 3864 Romanum
2504 3802 2721 3882 ponti·

347 3898 548 3981 ficem,
583 3905 1051 3981 praeterquam
1083 3899 1149 3965 in
1179 3902 1413 3967 mortis
1446 3901 1749 3985 articam,
1779 3901 2039 3969 absolvi
2070 3902 2349 3983 possint,
2376 3903 2722 3974 incurrere

348 4002 636 4069 volumus
681 4005 827 4084 ipso
873 4002 1070 4070 facto.

551 4106 725 4173 Nulli
768 4125 925 4191 ergo
972 4109 1237 4193 omnino
1281 4108 1612 4175 hominum
1658 4111 1877 4192 liceat,
1909 4112 2081 4178 hanc
2112 4112 2418 4194 paginam
2448 4118 2721 4182 nostrae

349 4209 755 4280 inhibitionis
821 4218 891 4280 et
959 4212 1328 4281 voluntatis
1397 4212 1777 4299 intringere,
1845 4214 1955 4283 vel
2010 4216 2071 4283 ei
2132 4234 2299 4284 ausu
2358 4221 2718 4287 temerario
