3288 4973
1328 408 1718 467 —235—

323 608 653 690 potentia,
698 608 843 675 sive
890 609 1125 689 quovis
1172 608 1437 693 ingenio
1488 610 1593 676 vel
1642 612 1884 693 colore,
1945 610 2210 693 publice
2278 616 2385 682 vel
2446 615 2723 699 occulte,

324 713 559 779 venire
629 715 738 780 vel
808 716 905 780 eis
974 714 1043 781 in
1113 715 1333 795 aliquo
1404 716 1760 797 contraire,
1837 718 1958 780 sub
2017 726 2252 783 'rerum
2332 726 2725 801 nostrarum,

321 819 648 884 heredum
697 824 766 883 et
812 837 1267 885 successorum
1302 830 1682 887 nostrorum
1716 821 2000 886 omnium
2033 822 2368 889 mobilium
2401 831 2470 890 et
2501 825 2722 892 immo-

322 923 559 989 bilium
607 924 1003 1007 hypotheca.

534 1028 1037 1095 Renunciantes
1084 1029 1509 1095 nihilominus
1556 1031 1637 1095 de
1686 1035 1874 1095 certa
1930 1036 2164 1097 nostra
2221 1032 2508 1099 scientia
2569 1033 2717 1099 sim-

324 1132 601 1212 pliciter
669 1137 739 1197 et
798 1151 1115 1214 expresse
1176 1134 1443 1215 actioni,
1505 1134 1904 1217 quaestioni,
1966 1136 2352 1216 repetitioni
2415 1143 2485 1203 et
2546 1140 2720 1204 omni

325 1234 654 1303 beneficio
702 1238 1151 1317 cuiuscunque
1176 1237 1367 1321 juriS‚
1408 1238 1707 1304 canonici
1741 1238 1848 1303 vel
1881 1238 2116 1322 civiliS‚
2150 1243 2720 1309 consuetudinarii

326 1360 449 1407 seu
516 1340 955 1425 municipaliS,
1018 1342 1254 1421 quibus
1312 1350 1547 1409 contra
1608 1343 1978 1425 praemissa
2040 1350 2110 1409 et
2173 1365 2396 1412 eornm
2455 1346 2720 1427 aliquod

325 1447 565 1514 venire
640 1466 815 1514 nunc
890 1447 997 1514 vel
1070 1448 1499 1528 imposterum
1576 1450 1971 1515 deberemus
2049 1449 2536 1530 quomodolibet.
2612 1451 2718 1517 vel

325 1570 695 1633 possemus,

540 1656 623 1722 Iu
670 1676 943 1737 quorum
978 1707 991 1721 .
1024 1708 1036 1721 .
1070 1707 1083 1721 .

541 1797 783 1863 Actum
832 1802 902 1863 et
947 1798 1175 1862 datum
1230 1796 1296 1861 in
1346 1798 1846 1864 Frankenstein
1909 1798 2420 1883 (Monstirberg)
2477 1799 2546 1864 in
2616 1799 2723 1864 die

330 1901 586 1968 calixti
630 1900 813 1967 beati
860 1919 1074 1983 papae
1120 1920 1177 1967 a.
1225 1902 1302 1965 D.
1358 1906 1535 1969 1343.

548 2042 643 2107 Et
714 2059 833 2106 uos
908 2040 1221 2106 Nicolaus
1296 2040 1375 2105 D.
1452 2060 1546 2124 gr.
1616 2041 1751 2107 dux
1819 2040 2078 2109 Sleziae
2145 2048 2215 2107 et
2283 2041 2582 2108 dominus
2654 2043 2722 2109 in

330 2148 829 2230 Munsterberg,
876 2164 1007 2211 non
1055 2146 1274 2211 coacti
1318 2146 1809 2226 quomodolibet
1855 2146 1960 2213 vel
2011 2148 2292 2230 decepti,
2325 2148 2723 2227 praehabita

328 2255 598 2317 matura
644 2250 1123 2317 deliberatione
1169 2250 1511 2317 nobiscum
1558 2254 1627 2315 et
1674 2269 1819 2316 cum
1866 2251 2169 2318 fidelibus
2215 2256 2285 2315 et
2323 2251 2722 2318 consiliariis

332 2356 614 2423 consilio
662 2355 965 2437 diligenti
1012 2353 1547 2438 recognoscimus
1595 2358 1666 2420 et
1695 2354 1998 2439 fatemur,
2031 2354 2377 2437 praedicta
2407 2356 2723 2423 universa

330 2466 402 2527 et
470 2460 737 2544 singula
800 2463 881 2527 de
944 2464 1173 2527 nostro
1236 2458 1513 2543 speciali
1577 2461 1888 2526 mandato
1951 2478 2031 2526 ac
2091 2462 2176 2526 de
2240 2467 2428 2526 certa
2492 2468 2723 2528 nostra

331 2566 621 2632 scientia
682 2565 824 2631 fore
890 2565 1091 2646 facta,
1160 2565 1455 2646 ipsisque
1522 2571 1828 2629 nostrum
1894 2565 2286 2632 benevolum
2332 2565 2722 2632 adhibemus

333 2689 751 2754 consensum,
798 2670 1089 2754 sigillum
1138 2675 1436 2735 nostrum
1486 2686 1615 2734 una
1662 2689 1809 2735 cum
1856 2669 2154 2737 civitatis
2219 2669 2607 2751 praedictae
2655 2675 2724 2736 et

334 2774 740 2843 vasallorum
788 2775 1278 2858 praedictorum
1326 2773 1560 2855 sigillis
1610 2773 2082 2856 praesentibus
2128 2773 2196 2839 in
2241 2777 2446 2840 robur
2491 2792 2722 2856 perpe-

333 2887 521 2946 tuum
566 2882 1045 2962 appendentes».

546 3023 788 3087 Actum
834 3023 904 3085 et
950 3022 1181 3086 datum
1226 3038 1416 3103 anuo,
1464 3018 1571 3084 die
1617 3025 1687 3084 et
1734 3019 1876 3085 loco
1925 3019 2306 3101 praedictis.

546 3158 668 3247 (A.
724 3157 818 3228 K.
866 3196 952 3206 -—
996 3157 1189 3222 Aret».
1236 3156 1303 3224 S.
1361 3156 1567 3224 Wenc.
1610 3193 1700 3206 —
1747 3155 1964 3243 Chytil
2017 3156 2152 3223 VII.
2201 3159 2348 3224 510.
2389 3167 2481 3207 ’-
2513 3157 2726 3222 Grim-

334 3265 539 3350 haqen
582 3263 672 3331 ΙῙ.
719 3265 864 3331 136.
906 3299 995 3313 -
1037 3261 1255 3326 Emler
1302 3261 1412 3328 IV.
1457 3261 1678 3347 1327.)
2068 3259 2074 3268 ’

543 3493 696 3560 226.
762 3489 1199 3561 Declaratio
1256 3487 1574 3574 Nicolai‚
1621 3487 1841 3558 ducis
1907 3487 2226 3574 Sleziae‚
2294 3487 2580 3558 domini
2643 3486 2724 3558 in

335 3595 891 3682 Monsterberg‚
939 3595 1032 3665 de
1081 3592 1532 3664 civitatibus
1579 3593 1744 3663 suis
1790 3614 1941 3664 non
1988 3591 2429 3664 vendendis.

1147 3720 1341 3803 1343,
1390 3721 1497 3786 14.
1547 3714 1922 3786 Octobris·

545 3858 683 3924 Nos
729 3857 1045 3925 Nicolaus
1091 3859 1170 3924 D.
1216 3879 1311 3942 gr.
1362 3860 1497 3923 dux
1546 3857 1805 3923 Sleziae
1854 3861 1924 3921 et
1964 3855 2262 3923 dominus
2294 3857 2364 3922 in
2399 3855 2727 3921 Monster-

343 3964 521 4046 berg,
566 3967 799 4028 nostro
844 3969 915 4028 et
960 3963 1275 4028 heredum
1324 3966 1700 4027 nostrorum
1747 3961 2008 4026 nomine
2070 3959 2158 4045 (si
2206 3978 2366 4040 quos
2412 3958 2728 4024 fuerimus

344 4065 665 4151 habituri)
734 4067 1181 4148 promittimus
1275 4068 1448 4132 bona
1510 4071 1744 4132 nostra
1807 4067 1938 4132 fide
2001 4071 2072 4130 et
2135 4064 2278 4130 sine
2343 4063 2518 4129 omni
2580 4064 2728 4129 dolo

346 4171 921 4238 excellentissimis
968 4171 1383 4254 principibus
1430 4176 1498 4236 et
1544 4169 1824 4236 dominis
1872 4169 2140 4252 nostris,
2171 4169 2218 4234 J
2221 4169 2421 4234 oanni
2465 4168 2540 4234 B.
2585 4167 2731 4252 regi

347 4292 599 4340 necnon
644 4275 894 4342 illustri
939 4277 1175 4343 Carolo
1224 4274 1592 4342 marchioni
1638 4277 1726 4341 M.
1771 4272 2230 4356 primogenitu,
2269 4273 2624 4340 heredibus
2659 4277 2730 4338 et

349 4381 839 4449 successoribus
910 4381 1218 4467 ipsorum,
1284 4380 1555 4463 regibus
1628 4379 1721 4462 Β.,
1781 4377 1993 4444 nullas
2063 4375 2378 4446 civitates
2438 4384 2730 4461 nostra&
