3288 4973
1414 386 1800 447 -427—

400 592 848 675 promittimus
918 594 1089 657 bona
1153 592 1300 672 fide,
1370 591 1515 656 sine
1582 590 1754 673 dole,
1825 596 1894 655 et
1957 591 2079 677 sub
2141 590 2545 672 juramento,
2628 590 2802 668 quod

402 714 605 779 super
668 714 747 762 eo
813 697 897 761 ad
957 702 1195 761 sancta
1262 694 1384 761 Dei
1442 694 1792 776 evangelia
1860 693 2301 777 corporaliter
2369 692 2804 774 praestitisse

402 801 825 883 dinoscimur,
899 818 1019 881 pro
1099 799 1306 881 nobiS,
1384 786 1760 865 heredibus
1822 804 1892 864 et
1967 797 2469 864 successoribus
2548 797 2801 862 nostris

404 908 723 988 omnibuS,
770 907 944 985 quod
989 906 1059 971 in
1106 910 1433 985 eventum,
1481 906 1593 969 ubi
1640 904 1831 969 iuxta
1877 901 2374 968 declarationes
2407 901 2595 983 alias,
2632 920 2798 981 quas

404 1009 737 1093 praedicti
785 1008 1031 1074 domini
1076 1007 1295 1073 nostri
1340 1006 1672 1089 disposuit
1731 1007 2067 1073 laudanda
2127 1006 2442 1087 provisio,
2503 1024 2621 1071 nos
2689 1024 2809 1071 seu

404 1114 688 1181 heredes
734 1118 1002 1179 nostros
1048 1110 1117 1179 in
1164 1129 1368 1194 regno
1416 1111 1730 1177 Boemiae
1778 1110 2127 1193 continget
2175 1110 2522 1175 voluntate
2578 1108 2810 1177 divina

407 1220 787 1299 succedere,
834 1218 1008 1297 quod
1072 1222 1233 1283 tunc
1294 1216 1364 1281 in
1425 1218 1656 1282 eodem
1715 1214 2017 1295 instanti,
2078 1214 2260 1296 prius
2322 1222 2392 1279 et
2452 1218 2812 1293 antequam

404 1342 524 1390 nos
572 1328 691 1388 aut
737 1321 905 1388 dicti
951 1322 1234 1386 heredes
1282 1320 1497 1387 nostri
1542 1323 1628 1386 ad
1678 1318 1968 1402 praefati
2031 1319 2223 1401 regni
2284 1317 2562 1402 fastigia
2625 1336 2809 1383 coro-

405 1445 641 1495 nemur
688 1431 759 1492 et
806 1430 1167 1505 antequam
1214 1426 1299 1490 de
1346 1425 1651 1491 manibus
1712 1424 2077 1507 Pragensis
2139 1423 2628 1504 archiepiscopi
2690 1440 2811 1488 nos

408 1548 523 1597 seu
574 1529 791 1596 dictos
840 1529 1126 1595 heredes
1174 1537 1440 1594 nostros
1488 1530 1770 1594 eandem
1816 1545 2123 1594 coronam
2187 1527 2539 1611 contingat
2602 1527 2809 1592 susci-

410 1654 587 1717 pere,
634 1634 705 1699 in
754 1633 1143 1715 praesentia
1191 1631 1580 1715 principum,
1629 1635 1969 1713 baronum,
2014 1649 2358 1712 procerum
2393 1640 2460 1697 et
2494 1630 2810 1697 nobilium

411 1758 485 1805 ac
544 1738 747 1805 etiam
812 1736 1161 1803 civitatum
1222 1737 1388 1803 dicti
1446 1737 1641 1819 regni
1703 1736 2012 1802 Boemiae
2075 1754 2238 1819 quos
2299 1742 2368 1801 et
2429 1754 2594 1815 quas
2653 1740 2814 1801 tunc

408 1844 741 1911 interesse
788 1842 1133 1923 continget
1180 1859 1297 1906 seu
1346 1840 1460 1921 qui
1506 1842 1838 1908 commode
1887 1842 2184 1922 poterint
2222 1845 2292 1907 et
2328 1840 2658 1907 voluerint
2703 1840 2802 1904 in-

410 1953 673 2014 teresse
745 1944 1067 2011 adhibitis
1143 1945 1534 2011 ceremoniis
1605 1951 1675 2009 et
1741 1944 2275 2010 solemnitatibus
2323 1944 2667 2009 consuetis
2736 1950 2810 2007 et

411 2050 679 2133 debitis,
726 2048 988 2131 publice
1036 2048 1417 2133 iurabimuS,
1464 2064 1666 2129 super
1711 2049 1966 2115 sanctis
2021 2048 2150 2113 Dei·
2189 2046 2578 2127 evangeliis,
2610 2052 2798 2111 tacto

408 2156 584 2238 ligno
650 2160 930 2219 sanctae
986 2152 1223 2232 crucis,
1283 2155 1455 2232 quod
1517 2172 1853 2233 nunquam
1914 2152 2133 2232 aliquo
2195 2156 2497 2232 tempore
2563 2148 2809 2232 princi·

412 2263 631 2343 patus,
700 2256 1007 2339 dominia,
1074 2256 1466 2337 vasallagia,
1534 2258 1908 2323 vas-allatus
1971 2264 2042 2321 et
2103 2254 2549 2337 pertinentias
2621 2254 2814 2337 regni

413 2363 728 2429 Boemiae
775 2360 1211 2427 alienabimus
1258 2361 1479 2441 aliquo
1528 2360 1730 2426 etiam
1775 2360 2200 2426 alienationis
2265 2358 2479 2440 titulO,
2545 2356 2812 2437 quibus-

415 2482 693 2546 cumque
764 2464 991 2530 valeat
1056 2463 1463 2546 specialibus
1538 2462 1887 2530 vocabulis
1955 2462 2313 2546 designari,
2381 2463 2509 2529 imo
2581 2462 2808 2530 verius

415 2571 837 2653 praedictum
882 2586 1178 2652 regnum,
1226 2567 1660 2651 principatus,
1709 2568 2011 2649 dominia,
2071 2569 2441 2634 vasallatus
2490 2575 2558 2635 et
2607 2568 2813 2649 perti-

416 2673 685 2740 nentias
732 2672 961 2753 ipsius,
1006 2673 1075 2738 in
1123 2691 1242 2738 sua
1288 2673 1485 2754 plena
1542 2679 1611 2737 et
1675 2671 1974 2754 perfecta
2036 2673 2428 2755 integritate
2490 2678 2561 2738 et
2615 2674 2811 2753 plene

414 2782 669 2858 absque
717 2776 891 2842 omni
929 2776 1361 2843 diminutione
1394 2777 1807 2843 servabimus
1841 2785 1911 2843 et
1943 2779 2029 2843 ad
2061 2777 2543 2843 incrementum
2574 2777 2814 2842 talium

415 2883 930 2965 principatuum,
960 2879 1414 2962 dominiorum,
1446 2882 1890 2947 vasallatuum
1921 2886 1992 2946 et
2027 2882 2584 2961 pertinentiarum
2617 2881 2812 2960 regni

418 2993 487 3053 et
531 3001 816 3051 coronae
848 2983 1163 3050 Boemiae
1194 2985 1614 3051 intendemus
1649 2987 1963 3053 continuo
1993 2984 2412 3051 ferventibus
2445 2983 2820 3050 desideriis

422 3093 593 3157 bona
638 3090 769 3155 fide
815 3095 885 3152 et
930 3087 1119 3153 iuxta
1158 3095 1547 3166 ‚nostrarum
1595 3090 1834 3155 virium
1881 3089 2292 3155 facultatem.

633 3193 1100 3258 Praesentium
1147 3195 1267 3258 sub
1316 3201 1545 3259 nostro
1593 3193 1812 3277 sigillo
1859 3193 2243 3259 testimonio
2290 3193 2684 3258 litterarum.

632 3313 875 3380 Datum
926 3315 1185 3397 Pragae
1230 3334 1288 3381 a.
1337 3316 1414 3380 D.
1466 3318 1629 3381 1356
1695 3315 1802 3381 die
1862 3318 1948 3382 ad
2009 3315 2277 3382 vincula
2341 3315 2558 3382 sancti
2620 3315 2808 3381 Petri

424 3416 734 3500 Apostoli
777 3417 1063 3498 gloriosi.

631 3536 754 3621 (A.
805 3535 898 3606 Κ.
942 3575 1031 3586 -—
1078 3536 1357 3602 Goldaet
1399 3537 1636 3624 Suppl.
1685 3539 1918 3607 XLIV.
1963 3575 2049 3588 —
2095 3539 2355 3604 Brandl
2402 3539 2512 3607 IV.
2561 3538 2700 3626 28.)

630 3695 785 3761 401.
812 3691 1151 3762 Litterae
1169 3691 1483 3781 Major-is
1508 3693 1854 3764 civitatis
1878 3694 2296 3781 Pragensis
2321 3693 2492 3769 ddo.
2517 3697 2581 3763 5.
2611 3697 2812 3783 Aug.

429 3798 637 3882 13563
670 3793 1041 3866 accedunt
1068 3795 1379 3866 litterae
1411 3796 1757 3867 civitatis
1791 3797 2336 3880 OlomucenSiS‚
2371 3799 2816 3885 BrunensiS‚

430 3897 931 3987 Znoymensis
977 3905 1205 3986 atque
1250 3899 1721 3987 Iglaviensis
1767 3900 1938 3972 ddo.
1984 3907 2049 3971 9.
2099 3903 2437 3991 Augusti
2480 3905 2676 3972 1356.

1179 4015 1372 4098 1356,
1421 4033 1677 4084 mense
1721 4014 2082 4102 Augusti.

636 4121 766 4176 List
803 4123 1165 4190 Brnenskyoh
1205 4125 1438 4192 mestan,
1490 4125 1631 4179 kdez
1671 4127 1986 4195 vyznavaji,
2041 4127 2278 4195 jestliby
2346 4129 2506 4182 Buoh
2569 4131 2826 4184 markrab

430 4211 792 4265 moravskeho
832 4209 933 4264 bez
972 4209 1245 4264 dedicuov
1282 4213 1583 4266 muiskeho
1622 4213 1850 4280 pohlavi
1876 4215 2202 4283 neuchoval,
2233 4221 2296 4268 ze
2324 4224 2383 4269 to
2411 4216 2822 4271 markrabstvie

434 4299 521 4349 ma
558 4295 823 4366 spadmiti
860 4311 933 4350 na
971 4297 1127 4351 krale
1168 4299 1421 4367 ceskeho‚
1474 4315 1507 4352 a
1556 4305 1620 4351 tu
1658 4299 1890 4368 ukazuji
1945 4315 2018 4354 na
2073 4299 2225 4370 listy,
2281 4303 2464 4355 litei-iz
2522 4304 2585 4355 su
2637 4317 2710 4356 na
2765 4315 2826 4356 to

433 4381 647 4436 zdelani
686 4381 831 4436 mezi
867 4383 1135 4437 ciesarem
1171 4383 1400 4439 Karlem
1437 4401 1471 4438 a
1494 4384 1778 4438 markrabi
1803 4391 2155 4454 moravskym
2181 4389 2396 4442 Janem.
