3288 4973
1524 377 1608 386 —
1663 345 1918 406 130—-

506 550 797 631 aliquam
844 547 1247 616 discordiam
1291 565 1411 612 seu
1470 565 1778 630 guerram
1841 547 2218 631 contigeret
2277 547 2601 615 suboriri:
2665 552 2906 614 extunc

510 656 599 720 ad
642 653 953 720 unionem
996 652 1185 734 pacis
1232 657 1303 717 et
1348 652 1750 719 concordiae
1811 672 1958 719 cum
2021 655 2166 735 ipso
2231 653 2550 720 devenire
2609 652 2904 718 nolumus

504 759 652 826 sine
696 760 841 842 ipso
890 774 1051 840 rege
1098 757 1411 822 Boemiae
1456 762 1531 823 et
1560 756 1718 822 filiis
1749 757 1891 823 suis
1921 775 2003 822 ac
2049 757 2432 839 heredibuS,
2479 760 2604 824 sub
2651 757 2900 824 virtute

512 863 829 944 praestiti
874 862 1301 944 sacramenti,
1347 860 1479 927 nisi
1524 861 1834 942 primitus
1877 863 1966 927 ad
2015 863 2140 928 hoc
2183 862 2351 928 dicti
2395 859 2632 928 fratris
2673 860 2909 943 nostri,

514 967 695 1049 regis
740 966 1073 1048 Boemiae,
1132 964 1413 1031 filiorum
1460 983 1726 1030 suorum
1773 971 1842 1032 et
1885 966 2202 1032 heredum
2259 985 2500 1048 eorum,
2551 982 2908 1047 expressus

512 1088 879 1138 consensus
926 1069 1297 1136 accesserit
1342 1073 1411 1134 et
1458 1069 1790 1136 voluntas.

722 1175 1081 1241 Caeterum
1154 1172 1680 1254 quotiescunque
1747 1191 1886 1256 nos,
1945 1191 2158 1256 regeS,
2233 1173 2406 1240 filios
2479 1177 2551 1240 et
2622 1172 2906 1239 heredes

510 1284 777 1345 nostros
824 1283 945 1344 aut
989 1283 1225 1360 gentes
1278 1283 1567 1359 nostras,
1630 1279 2038 1359 praestando
2101 1279 2466 1344 subsidium
2536 1281 2656 1344 aut
2719 1277 2907 1342 modo

512 1383 647 1450 alio
694 1399 1087 1463 quocunque
1131 1381 1490 1450 convenire
1535 1382 1900 1463 contigerit
1946 1383 2054 1450 vel
2099 1381 2450 1464 placuerit,
2481 1399 2746 1462 semper
2773 1381 2906 1445 tuti

511 1493 581 1554 et
628 1485 847 1552 illaesi
894 1504 1047 1554 esse
1096 1485 1453 1551 debeamus
1499 1491 1724 1552 mutuo
1771 1491 1843 1552 et
1887 1487 2155 1567 penitus
2203 1486 2441 1553 securi.

714 1590 905 1656 Haec
950 1589 1169 1656 omnia
1216 1596 1285 1656 et
1330 1589 1611 1676 singula,
1659 1592 1781 1658 sub
1827 1591 2082 1658 virtute
2115 1591 2300 1672 prius
2335 1589 2650 1672 praestiti
2679 1606 2900 1656 sacra-

506 1694 731 1778 menti,
776 1711 896 1776 pro
944 1693 1099 1759 filiis
1146 1695 1396 1760 nostris
1443 1700 1515 1762 et
1562 1695 1920 1762 heredibus
1965 1696 2087 1761 sub
2135 1713 2345 1776 poena
2381 1693 2899 1761 excommunica-

509 1798 709 1864 tionis
738 1797 999 1881 papalis
1031 1803 1417 1881 perpetuae,
1449 1799 1894 1882 promittimus
1922 1800 2391 1880 praesentibus
2418 1797 2899 1865 inviolabiliter

502 1904 883 1984 observare,
929 1907 999 1968 et
1044 1902 1189 1983 ipse
1234 1903 1439 1969 etiam
1482 1903 1700 1970 frater
1743 1907 1993 1988 noster,
2035 1904 2338 1971 dominus
2401 1921 2520 1968 rex
2565 1901 2903 1985 Boemiae,

508 2025 627 2088 pro
680 2023 773 2088 se,
834 2004 989 2073 filiis
1050 2007 1191 2072 suis
1244 2011 1315 2072 et
1357 2006 1733 2090 heredibus,
1793 2010 2026 2074 eadem
2069 2007 2280 2089 nobiS,
2325 2005 2480 2072 filiis
2527 2006 2778 2072 nostris
2825 2009 2896 2069 et

512 2109 867 2176 heredibus
898 2110 1268 2194 viceversa,
1299 2116 1499 2192 prout
1528 2112 1598 2177 in
1627 2113 2014 2194 praemissis
2046 2111 2454 2177 declaratum
2485 2110 2892 2177 articulatim

500 2213 752 2297 existit,
801 2214 1046 2280 debent
1092 2218 1163 2280 et
1208 2219 1540 2297 tenentur,
1587 2217 1711 2282 sub
1750 2216 2131 2299 jnramento
2164 2221 2235 2282 et
2265 2232 2481 2297 poena
2513 2213 2880 2296 praedictis

498 2316 1057 2399 irrefragabiliter
1109 2319 1491 2386 observare.

700 2421 778 2489 In
829 2437 1103 2501 quorum
1148 2423 1437 2490 omnium
1483 2428 1554 2491 et
1599 2422 2006 2509 singulorum
2052 2423 2662 2507 superscriptorum
2693 2421 2888 2490 testi-

504 2526 787 2593 monium
832 2530 903 2593 et
947 2532 1338 2609 perpetuam
1398 2528 1783 2597 firmitatem
1842 2548 1984 2613 noS,
2043 2528 2266 2594 dictus
2325 2546 2445 2595 rex
2505 2528 2904 2611 Hungariae

506 2648 655 2698 cum
702 2631 881 2697 dicto
937 2630 1300 2715 Ludovico,
1363 2636 1521 2699 nato
1585 2637 1834 2717 nostro,
1899 2637 2294 2715 praesentes
2359 2633 2563 2699 scribi
2623 2632 2902 2699 fecimus

506 2735 762 2819 literaS,
808 2733 1170 2818 sigillorum
1217 2740 1595 2803 nostrorum
1640 2738 2072 2820 pendentium
2117 2738 2472 2804 munimine
2533 2739 2898 2805 roboratas

707 2856 955 2923 Datum
1002 2858 1069 2924 in
1114 2857 1271 2924 Alto
1319 2859 1576 2938 Castro,
1624 2858 1732 2924 die
1765 2858 2094 2925 dominica
2127 2859 2427 2941 proxima
2459 2863 2616 2924 ante
2651 2858 2894 2925 festum

503 2960 903 3029 Nativitatis
947 2963 1007 3028 b.
1053 2961 1351 3043 Virginis
1398 2980 1457 3028 a.
1502 2962 1583 3029 D.
1637 2967 1823 3030 1335.

708 3080 925 3171 (Chyt.
982 3080 1121 3151 VII.
1166 3084 1270 3151 81.
1314 3120 1403 3133 —-
1445 3080 1665 3147 Emlev·
1707 3082 1817 3150 IV.
1863 3084 2040 3170 202.)

707 3241 859 3307 116.
908 3238 1255 3326 Treugae
1300 3238 1515 3326 pacis
1560 3237 1765 3309 inter
1811 3238 2280 3309 Ludovicum
2323 3238 2535 3309 Rom.
2587 3239 2771 3325 Imp.
2819 3243 2897 3309 et

500 3341 551 3411 J
559 3360 876 3412 oannem
922 3360 1206 3429 regem.

1045 3466 1239 3549 1335,
1286 3466 1393 3532 16.
1444 3462 1650 3550 Sept.
1699 3463 2353 3553 (Regensburgii.)

707 3584 963 3675 (Emler
1005 3583 1119 3653 IV.
1163 3584 1339 3672 205.)

705 3744 855 3835 117.
904 3740 1345 3811 Kazimirus
1390 3740 1755 3812 Poloniae
1801 3761 1940 3811 rex
2001 3761 2098 3811 ex
2152 3761 2386 3813 causa
2443 3736 2890 3813 renuntiati-

492 3844 662 3915 onis
722 3864 965 3932 regno
1024 3849 1101 3914 et
1159 3844 1390 3914 titulo
1451 3843 1815 3915 Poloniae
1877 3845 2179 3934 obligat
2236 3867 2318 3916 se
2382 3848 2436 3917 J
2435 3867 2663 3918 oanm
2717 3849 2890 3936 regi

493 3969 634 4035 pro
678 3948 829 4019 XX
874 3946 1221 4019 millibus
1266 3968 1427 4019 seit.
1473 3969 1596 4037 gr.
1644 3950 1878 4038 Prag.

1261 4072 1455 4157 1335,
1503 4075 1610 4140 12.
1659 4071 2134 4144 Novembris.

696 4192 1067 4261 Cazimirvs
1128 4192 1257 4258 Dei
1317 4193 1540 4275 gratia
1602 4194 1918 4262 Poloniae
1979 4214 2118 4280 rex,
2165 4196 2554 4280 principalis
2601 4198 2884 4284 debitor,

495 4296 731 4364 Sbitko
768 4296 1252 4379 CracouiensiS,
1291 4298 1537 4364 Petrus
1562 4296 2138 4367 Sandomeriensis
2163 4302 2539 4385 castellani,
2571 4304 2630 4369 N
2635 4305 2886 4375 icolaus

2798 5 3197 219 ,Ἶ
