3288 4973
2692 6 3194 212 ἭἿ

1523 318 1914 379 —176—

519 525 913 595 invadendo,
961 524 1055 591 Et
1098 524 1155 589 si
1202 526 1287 591 ab
1334 522 1441 590 his
1484 520 1840 589 conatibus
1868 522 1956 587 ad
1987 520 2373 606 diligentem
2401 522 2895 603 requisitionem

522 633 836 711 nostram,
904 647 1097 710 quam
1157 647 1304 695 cum
1368 627 1718 711 diligentia
1780 645 1901 693 nos
1957 626 2388 709 interponere
2445 626 2898 711 promittimus

526 733 855 801 desistere
901 752 1031 801 non
1076 738 1426 800 curarent:
1472 737 1720 799 extunc
1764 750 1886 799 nos
1931 731 2237 815 praefato
2275 734 2338 797 d.
2383 732 2722 816 CasimirO,
2764 733 2898 816 regi

520 838 855 922 Poloniae,
897 838 1259 905 heredibus
1305 842 1376 905 et
1420 836 1922 904 successoribus
1975 836 2208 919 ipsius,
2268 837 2622 907 adversum
2684 839 2898 921 duces,

519 942 812 1010 vasallos
856 947 928 1009 et
972 942 1269 1011 homines
1314 943 1696 1025 praedictos
1743 941 1991 1008 nullum
2038 943 2348 1009 debemus
2393 944 2558 1008 dare
2587 941 2896 1009 auxilium

520 1052 593 1115 et
628 1046 959 1130 Juvamen.
2479 1106 2494 1119 .

725 1151 1093 1219 Praeterea
1160 1170 1279 1219 nos
1347 1171 1466 1234 pro
1530 1152 1723 1218 nobis
1792 1160 1862 1219 et
1922 1152 2172 1220 nostris
2235 1151 2592 1219 heredibus
2651 1150 2780 1233 ipsi
2841 1153 2897 1217 d.

520 1257 901 1339 marchioni,
946 1256 1217 1339 suisque
1249 1256 1606 1325 heredibus
1638 1260 1762 1324 sub
1795 1259 2024 1327 eodem
2055 1257 2209 1324 fidei
2231 1256 2610 1341 juramento
2641 1253 2898 1323 sincere

519 1362 980 1444 promittimus,
1024 1364 1197 1443 quod
1243 1362 1303 1429 si
1347 1381 1668 1445 processu
1715 1364 2032 1445 temporis
2093 1354 2367 1446 regnum
2425 1361 2760 1443 Poloniae,
2821 1368 2897 1427 ut

522 1466 992 1551 praemittitur,
1036 1466 1106 1533 in
1152 1474 1445 1534 nostram
1492 1473 1613 1534 aut
1658 1486 2112 1535 successorum
2144 1472 2520 1535 nostrorum
2552 1464 2902 1533 devenerit

519 1576 946 1655 potestatem,
995 1574 1168 1653 quod
1231 1578 1391 1640 tunc
1454 1592 1574 1639 nos
1634 1573 1745 1639 vel
1805 1573 2021 1639 nostri
2079 1574 2360 1640 heredes
2420 1572 2638 1637 dictos
2695 1572 2897 1636 duces

518 1675 819 1757 praefato
867 1679 926 1743 d.
971 1676 1221 1743 ,Ioanni
1266 1696 1316 1742 r.
1365 1676 1458 1759 B.,
1504 1676 1791 1759 genitori
1851 1676 2144 1760 ejusdem
2191 1674 2608 1757 marchioniS,
2656 1674 2782 1740 sibi
2828 1676 2899 1739 et

518 1798 637 1847 suo
680 1780 877 1847 fratri
922 1782 1278 1866 subjectOS,
1324 1781 1792 1865 civitatesque,
1850 1786 2092 1865 castra,
2153 1781 2448 1847 homines
2497 1783 2566 1845 et
2611 1777 2900 1845 vasallos

516 1901 634 1951 seu
681 1884 815 1953 alia
852 1886 1008 1970 jura
1052 1902 1487 1967 quaecunque
1534 1885 1699 1966 ipsis
1748 1886 2045 1961 ducibus
2077 1884 2488 1967 principibus
2520 1887 2591 1951 et
2621 1882 2898 1950 vasallis

520 1989 967 2069 competentia
1038 1988 1107 2055 in
1185 1990 1361 2055 dicto
1436 2009 1640 2072 regno
1699 1989 2033 2074 Poloniae,
2099 1989 2603 2071 quibuscunque
2663 1986 2900 2055 distin·

519 2099 809 2173 quantur
851 2094 1239 2178 nominibus,
1284 2094 1475 2161 nobis
1506 2095 1616 2163 vel
1648 2096 1896 2161 nostris
1929 2095 2285 2162 heredibus
2317 2094 2680 2178 vindicare,
2711 2112 2902 2160 usur-

517 2217 679 2280 pare
725 2203 795 2264 et
835 2198 1179 2265 attrahere
1226 2216 1355 2265 non
1402 2200 1756 2266 debeamus
1803 2218 1924 2282 per
1969 2218 2088 2267 nos
2131 2200 2242 2267 vel
2287 2199 2472 2282 alios,
2521 2197 2757 2281 quovis
2801 2198 2898 2265 in-

516 2302 727 2386 genio,
772 2303 1033 2386 publice
1080 2302 1191 2369 vel
1234 2304 1509 2370 occulte.

722 2406 879 2492 Im0‚
924 2408 981 2475 si
1028 2408 1399 2492 saepedicti
1445 2411 1666 2494 duces,
1721 2410 2055 2493 principes
2115 2415 2188 2476 et
2246 2408 2503 2492 vasalli,
2562 2405 2904 2493 civitates,

512 2517 738 2580 castra
805 2518 874 2581 et
940 2514 1235 2580 homines
1300 2515 1647 2581 memorati
1709 2515 1884 2599 regis
1945 2516 2277 2600 Boemiae,
2360 2511 2762 2580 marchionis
2827 2518 2902 2578 et

511 2617 743 2684 fratris
775 2618 1069 2703 ejusdem
1101 2617 1449 2701 praedicti,
1487 2637 1559 2686 se
1589 2621 1781 2686 nobis
1812 2625 1936 2686 aut
1961 2619 2211 2686 nostris
2243 2618 2597 2686 heredibus
2629 2636 2908 2701 regnum

513 2721 829 2789 Poloniae
904 2731 1065 2788 tunc
1141 2722 1561 2807 habentibuS,
1638 2725 1968 2811 subjicere
2043 2725 2299 2791 vellent
2362 2727 2434 2790 et
2499 2726 2905 2805 appeterent

514 2845 735 2894 eorum
782 2827 1051 2910 propria
1098 2826 1475 2895 voluntate:
1538 2830 1660 2894 hos
1704 2829 1774 2895 in
1819 2830 2114 2895 vasallos
2160 2833 2232 2896 et
2275 2828 2572 2896 homines
2629 2829 2902 2894 nostros

512 2935 871 3013 acceptare
901 2937 971 2996 et
1002 2930 1301 3012 recipere
1334 2950 1464 2998 non
1498 2933 1901 3016 debebimus,
1931 2952 2054 2999 nec
2086 2934 2434 3015 quicquam
2465 2951 2610 2999 cum
2649 2931 2906 2998 eisdem

512 3036 921 3117 disponendo
988 3055 1248 3118 quoquo
1291 3039 1499 3120 mode,
1546 3037 1616 3103 in
1677 3040 2032 3105 eorundem
2076 3038 2254 3122 regis
2299 3037 2630 3122 Boemiae,
2686 3035 2905 3119 ipisus

510 3140 907 3207 marchionis
952 3159 1032 3205 ac
1078 3141 1307 3207 fratris
1356 3143 1460 3208 sui
1507 3143 1983 3227 praejudicium
2029 3147 2100 3210 et
2145 3160 2522 3226 gravamen.

716 3245 863 3313 Hoc
909 3245 1295 3328 specialiter
1339 3247 1621 3331 adject0,
1659 3249 1835 3329 quod
1865 3266 1986 3316 nos
2017 3248 2363 3330 nostrique
2393 3246 2698 3330 heredeS,
2729 3248 2904 3314 nulli

511 3350 781 3432 penitus
796 3349 1169 3432 principum
1184 3369 1305 3418 seu
1326 3352 1661 3419 hominum
1684 3355 2132 3438 cujuscunque
2155 3354 2554 3422 conditionis
2579 3353 2906 3440 existant,

514 3458 810 3520 nostrum
855 3454 1309 3536 impendemus
1352 3475 1473 3522 seu
1513 3458 1970 3526 exhibebimus
2003 3458 2338 3543 auxilium,
2369 3459 2482 3540 qui
2512 3459 2906 3542 praedictos

511 3559 732 3641 duceS,
758 3557 1092 3640 principes
1118 3563 1187 3625 et
1210 3560 1518 3636 vasallos,
1544 3566 1863 3644 patronos
1895 3560 2106 3644 ipsius
2137 3563 2535 3632 marchionis
2565 3567 2634 3630 et
2662 3563 2908 3632 fratris

509 3663 634 3744 sui,
680 3665 763 3728 ab
809 3663 975 3745 ipsis
1022 3669 1092 3729 et
1139 3682 1362 3730 eorum
1409 3669 1748 3747 potestate
1793 3667 2090 3734 alienare
2137 3668 2626 3750 quomodolibet
2676 3673 2907 3736 atten-

510 3773 771 3849 tarent;
839 3766 969 3834 imo
1030 3769 1212 3851 ipsos
1274 3770 1331 3835 d.
1391 3788 1617 3855 regem
1681 3770 2012 3855 Boemiae,
2070 3773 2514 3840 marchionem
2575 3777 2645 3840 et
2705 3792 2910 3858 suum

508 3869 788 3937 fratrem
834 3871 903 3938 in
948 3872 1201 3956 juribus
1267 3875 1333 3941 in
1378 3875 1579 3942 dictis
1641 3877 1940 3960 ducibuS,
2003 3877 2412 3960 principibus
2471 3882 2541 3944 et
2599 3879 2907 3966 vasalliS,

508 3975 673 4059 ipsis
720 3979 1269 4059 competentibus,
1316 3977 1784 4048 favorabiliter
1827 4000 2318 4064 prosequemur.

718 4081 906 4147 Haec
951 4080 1159 4166 igitur
1204 4084 1422 4150 omnia
1466 4089 1538 4150 et
1583 4085 1866 4170 singula,
1921 4090 1994 4153 et
2037 4087 2383 4167 quodlibet
2440 4087 2906 4176 praemissum,

510 4190 707 4268 prout
776 4187 855 4252 de
923 4188 1128 4254 verbo
1192 4191 1275 4255 ad
1336 4191 1609 4256 verbum
1671 4191 2139 4272 praesentibus
2203 4196 2358 4259 sunt
2423 4191 2700 4278 inserta,
2771 4199 2904 4265 sub

511 4288 767 4356 virtute
833 4291 1015 4372 prius
1085 4293 1396 4373 praestiti
1454 4293 1819 4376 juramenti
1895 4297 1980 4363 ad
2049 4302 2282 4364 sancta
2351 4297 2479 4364 Dei
2544 4301 2908 4384 evangelia

3182 1075 3190 1086 =
3180 423 3195 1018 -Q—d-*m*h
3192 349 3193 355 ⁴
3190 276 3191 281 Α
3184 219 3192 230 -
