3288 4973
1486 345 1874 406 -482-

687 548 840 615 480.
890 544 1147 615 Castri
1198 542 1662 620 Stralenfels
1708 542 1988 631 emptio
2037 543 2406 615 venditio.

1270 668 1468 751 1360,
1514 670 1581 735 4.
1628 663 2094 736 Decembris.

690 802 815 857 List
850 802 1149 874 Henricha,
1183 804 1442 859 Jetrioha
1478 820 1512 858 a
1549 804 1683 872 opet
1719 804 2004 858 Henricha
2041 820 2071 857 z
2111 802 2482 870 Stralmfelsu,
2537 808 2602 856 ze
2649 804 2718 855 sii
2751 816 2891 869 pro·

478 890 594 945 dali
644 890 848 945 ciesai‘i
900 890 1134 945 Karlovi
1188 907 1220 944 a
1276 890 1536 945 buducim
1589 891 1804 944 kralom
1857 891 2080 956 ceskym
2134 892 2332 945 zamek
2379 889 2500 959 jieh
2555 887 2884 944 Stralmfels

477 976 715 1032 dediene
754 994 821 1032 za
857 976 1162 1045 puldevata
1199 984 1288 1031 sta
1329 978 1435 1044 kop
1476 994 1557 1047 gr.
1600 978 1698 1046 (A.
1733 977 1836 1047 K.)

687 1194 839 1262 481.
902 1191 1242 1262 Litterae
1303 1192 1563 1261 Caroli
1630 1192 1843 1261 Rom.
1913 1192 2099 1278 Imp.
2161 1190 2256 1261 de
2315 1190 2882 1277 permutatione

479 1298 907 1366 castrorum
954 1294 1477 1365 Lutterbnrck
1522 1298 1602 1366 et
1630 1294 2098 1367 Hohenstein
2129 1314 2300 1365 cum
2331 1294 2636 1383 oppidis
2668 1293 2882 1365 Alen

481 1404 559 1470 et
626 1398 982 1469 Heubach
1054 1398 1137 1468 in
1210 1398 1662 1470 Alemannia
1736 1418 1875 1485 pro
1949 1399 2232 1471 castris
2309 1397 2724 1469 Parkstein
2797 1402 2888 1467 et

478 1503 929 1574 Karls’wald
973 1505 1199 1590 atque
1244 1503 1523 1591 oppido
1570 1502 1887 1590 Weyda.

1264 1626 1463 1710 1360,
1508 1630 1573 1694 4.
1622 1626 2087 1696 Decembris

686 1764 813 1818 List
850 1764 1063 1819 cieeaie
1122 1762 1305 1833 Karla,
1362 1763 1505 1818 kdez
1542 1762 1722 1832 hrady
1757 1764 2073 1833 Luttrburg
2112 1781 2146 1819 a
2181 1762 2533 1829 Resenstein‚
2583 1762 2882 1817 mestecka

476 1852 619 1907 Alen
658 1866 692 1904 a
729 1850 1014 1919 Heubach,
1051 1852 1214 1906 ktere
1250 1868 1286 1905 v
1324 1837 1564 1905 Svabich
1602 1854 1666 1905 81'1
1705 1869 1740 1906 a
1778 1852 1814 1905 k
1852 1852 2064 1907 korune
2099 1853 2260 1906 ceske
2298 1848 2614 1917 pfsslusely‚
2671 1848 2885 1903 smenil

477 1952 513 1991 a
574 1938 820 2009 smenuje
891 1955 965 1993 na
1030 1938 1327 1992 Parkstein
1402 1954 1436 1992 a
1496 1935 1830 2005 Karlswald‚
1904 1938 2080 2005 hrady
2154 1954 2186 1991 a
2260 1952 2327 1990 za
2399 1936 2618 2004 Weydu
2691 1938 2883 1990 mesto

479 2040 513 2077 v
569 2024 879 2079 Ohehskem
936 2024 1097 2094 kraji.
1157 2054 1222 2064 -
1276 2025 1467 2091 Druhy
1527 2023 1628 2079 liat
1682 2026 1947 2092 nemeoky
2003 2042 2038 2079 v
2093 2027 2186 2078 taz
2243 2025 2398 2078 slova
2447 2042 2480 2078 a
2531 2030 2630 2078 ten
2683 2038 2886 2077 totum

471 2111 609 2179 jako
645 2112 821 2179 prvm‘.
2318 2134 2326 2140 ·

688 2236 840 2301 1360,
878 2234 962 2301 31,
1000 2234 1142 2301 Aug.
1185 2232 1413 2287 comites
1464 2232 1831 2301 Wirtenberg
1877 2232 2234 2286 Eberhardus
2286 2240 2344 2285 et
2391 2230 2614 2286 Ulricus
2666 2230 2885 2285 submi-

478 2326 673 2374 serunt
732 2335 793 2373 ee
846 2318 1070 2387 gratiae
1124 2318 1489 2387 Imperatoris
1542 2324 1604 2371 et
1659 2318 2038 2372 restituerunt
2092 2317 2200 2371 sibi
2253 2318 2360 2373 dno
2416 2318 2627 2384 optima
2681 2325 2888 2372 castra

476 2407 709 2461 Achalm
746 2412 807 2459 et
844 2405 1107 2461 Stouffen.

682 2530 761 2595 In
790 2531 1050 2596 nomine
1082 2535 1360 2596 sanctae
1394 2533 1461 2596 et
1492 2529 1875 2596 individuae
1908 2529 2264 2596 Trinitatis
2293 2528 2602 2594 feliciter.
2632 2529 2878 2595 Amen.

686 2633 958 2698 Carolus
1007 2633 1118 2698 IV.
1168 2635 1225 2698 d.
1271 2633 1313 2698 f.
1362 2633 1441 2697 cl.
1486 2631 1669 2698 Rom.
1714 2633 1878 2714 Imp.
1925 2651 1974 2698 s,
2020 2651 2078 2700 a.
2126 2637 2196 2698 et
2239 2633 2315 2698 B.
2361 2650 2497 2698 rex,

686 2737 791 2802 Ad
837 2743 1227 2819 perpetuam
1274 2737 1373 2803 rei
1422 2736 1816 2802 memoriam.

682 2841 853 2906 Dum
929 2841 1405 2906 imminentium
1482 2839 1673 2906 nobis
1749 2857 2052 2905 curarum
2128 2838 2548 2920 varietatem,
2621 2839 2880 2918 quibus·

475 2946 781 3010 humeros
829 2949 1093 3010 nostros
1144 2962 1225 3010 ex
1271 2963 1322 3009 s.
1370 2944 1644 3026 Imperii
1691 2943 2117 3025 susceptione
2163 2943 2584 3026 subjecimus»,
2633 2951 2882 3010 nostra

472 3065 695 3114 secum
742 3047 1034 3115 revolvit
1082 3047 1432 3128 serenitaS,
1496 3048 1768 3112 multum
1839 3065 1958 3112 nos
2025 3048 2234 3113 eidem
2299 3047 2618 3112 obnoxios
2681 3047 2878 3113 inve-

476 3151 691 3217 nimus
736 3151 1040 3232 Imperi0‚
1087 3170 1213 3232 quo
1260 3152 1577 3218 mundiali
1622 3151 1966 3217 machinae
2012 3156 2286 3216 auctore
2341 3149 2622 3216 Domino
2670 3169 2880 3232 prae-

472 3256 799 3334 sidemus3
844 3257 1119 3322 multum
1164 3257 1233 3322 in
1280 3257 1470 3339 regni
1518 3255 1733 3322 nostri
1782 3257 1872 3337 B,
1919 3256 2091 3335 quod
2125 3253 2388 3336 insigne
2423 3261 2492 3318 et
2525 3255 2872 3321 excellens

472 3359 678 3441 ipsius
725 3360 995 3440 Imperii
1040 3362 1395 3426 membrum
1443 3361 1694 3442 existit,
1741 3357 2154 3440 profectibus
2202 3364 2273 3424 et
2321 3358 2693 3439 augmentis
2741 3377 2874 3424 nos

474 3465 668 3529 decet
713 3466 1115 3546 prospicere,
1162 3464 1349 3528 cuius
1396 3465 1776 3530 sublimatio
1831 3483 1878 3528 s.
1939 3462 2226 3544 Imperio
2299 3462 2382 3527 ad
2447 3461 2728 3544 gloriam
2794 3469 2878 3529 et

472 3567 817 3650 imperiale
880 3567 1226 3652 fastigium
1296 3568 1361 3632 in
1430 3569 1609 3634 illius
1679 3567 2005 3634 felicitate
2081 3565 2370 3631 feliciter
2447 3563 2874 3632 sublimatur.

680 3673 854 3737 Hinc
887 3677 1008 3753 est,
1037 3674 1209 3752 quod
1242 3691 1386 3739 cum
1422 3673 1914 3739 venerabilibus
1947 3678 2018 3738 et
2047 3670 2423 3736 illustribus
2448 3667 2657 3751 ipsius
2685 3671 2878 3737 sacri

470 3774 742 3855 Imperii
809 3775 1219 3858 principibus
1290 3777 1710 3858 electoribus,
1779 3777 2006 3842 habito
2069 3773 2324 3856 pridem
2385 3789 2589 3854 super
2651 3773 2872 3841 variis

472 3877 743 3958 Imperii
788 3880 1307 3946 necessitatibus
1354 3881 1631 3946 consilio
1681 3887 1750 3945 et
1794 3879 2278 3946 deliberatione
2324 3875 2624 3956 maturis,
2681 3877 2877 3943 inter

470 3986 743 4047 caetera
766 3982 925 4048 illud
952 3984 1141 4049 nobis
1166 3983 1460 4050 occurrit
1485 3985 1843 4065 praecipua
1867 3979 2401 4049 consideratione
2427 3981 2871 4065 pensandum,

474 4085 764 4164 qualiter
808 4085 987 4150 illius
1034 4087 1301 4169 auxilio,
1346 4088 1534 4153 cuius
1580 4093 1748 4152 nutu
1797 4085 2117 4152 coelestia
2161 4083 2355 4150 simul
2402 4090 2474 4148 et
2503 4086 2872 4153 terrestria

473 4189 933 4272 disponuntur,
1011 4189 1321 4271 exigente
1383 4208 1605 4256 rerum
1664 4189 1898 4255 ordine
1959 4207 2103 4254 cum
2165 4187 2526 4253 victorioso
2587 4193 2874 4258 nostrae

474 4293 847 4376 majestatis
896 4294 1196 4360 exercitu
1272 4301 1501 4375 partes
1572 4295 1858 4362 Sueviae
1928 4311 2142 4375 nuper
2210 4289 2496 4372 ingressi
2567 4299 2872 4362 castrum
