3288 4973
1538 371 1925 432 —454—

533 575 791 657 pariter
835 583 906 641 et
952 592 1234 639 assensu
1273 574 1461 641 nobis
1493 578 1575 641 ob
1608 575 1732 641 hoc
1763 574 2017 657 pluries
2050 574 2495 655 personaliter
2526 572 2595 637 in
2630 569 2925 653 capitulo

531 678 978 762 congregatis,
1023 696 1143 758 pro
1188 678 1390 743 nobis·
1426 684 1496 743 et
1541 678 2042 746 successoribus
2102 678 2349 745 nostris
2409 676 2477 743 in
2525 682 2925 758 perpetuum

531 782 1064 867 recognoscimus
1113 786 1183 847 et
1229 786 1464 847 tenore
1511 784 1963 863 praesentium
2011 781 2275 863 publice
2316 780 2713 865 profitemur,
2744 780 2927 859 qnod

533 885 877 969 praefatus
924 885 1224 950 dominus
1285 892 1516 952 noster
1573 886 1952 968 Imperator
2010 892 2327 966 tanquam
2374 885 2449 950 B.
2494 902 2617 950 rex
2664 901 2781 965 pro
2830 900 2927 963 se,

530 992 886 1057 heredibus
935 996 1007 1055 et
1051 990 1552 1057 successoribus
1599 991 1759 1075 suis,
1830 992 1905 1057 B.
1950 991 2221 1075 regibus
2269 996 2341 1055 et
2385 990 2682 1055 eiusdem
2728 986 2927 1069 regni

529 1113 790 1176 corona,
850 1100 956 1159 est
1015 1097 1336 1175 patronus
1399 1101 1631 1162 noster
1700 1094 2092 1177 principalis
2156 1102 2226 1161 et
2288 1094 2591 1159 dominus
2654 1092 2923 1158 ratione

533 1198 1108 1279 wratislaviensis
1157 1198 1485 1265 ecclesiae
1527 1209 1600 1265 et
1646 1202 1960 1266 bonorum
2009 1200 2241 1282 ipsius,
2286 1216 2461 1279 quae
2496 1198 2817 1263 habemus
2848 1196 2919 1261 in

529 1302 853 1368 communi
899 1303 1008 1369 vel
1053 1303 1122 1367 in
1167 1302 1512 1386 singulari,
1557 1304 1626 1369 in
1675 1304 1879 1369 terris
1924 1305 2071 1369 sive
2108 1303 2529 1369 districtibus
2560 1299 2920 1367 Wratisla-

527 1407 764 1489 viensi‚
823 1405 1269 1489 Noviforensi,
1330 1406 1981 1475 Frankensteinensi
2044 1414 2115 1473 et
2180 1406 2687 1487 Namslaviensi‚
2748 1422 2919 1484 quas

528 1521 598 1577 et
644 1529 807 1592 quos
851 1512 1451 1594 inpraesentiarum
1517 1512 1780 1579 obtinet
1824 1518 1895 1579 et
1940 1513 2087 1593 ipse
2146 1518 2265 1578 aut
2322 1513 2429 1577 sui
2497 1510 2784 1576 heredes
2848 1514 2919 1572 et

527 1632 948 1683 successores
1014 1616 1206 1699 regni
1265 1616 1336 1681 B.
1401 1614 1709 1701 (favente
1762 1616 1924 1689 Deo)
1986 1616 2233 1683 futuris
2291 1614 2699 1697 temporibus
2748 1612 2921 1677 obti-

527 1722 799 1803 nebunt,
859 1723 1166 1801 quodque
1228 1723 1314 1786 ad
1375 1721 1609 1804 ipsum,
1676 1722 1959 1787 heredes
2022 1728 2094 1787 et
2148 1737 2573 1787 successores
2618 1734 2792 1800 suos,
2840 1716 2919 1781 B.

526 1843 746 1909 reges,
789 1842 1068 1908 regnum
1113 1830 1183 1890 et
1229 1842 1534 1890 coronam
1583 1823 1897 1891 Boemiae
1942 1832 2257 1905 tanquam
2315 1824 2744 1905 principalem
2800 1840 2917 1903 pa-

523 1934 788 1995 tronum
856 1933 927 1992 et
995 1929 1320 1993 dominum
1390 1933 1689 1995 nostrum
1770 1934 2075 1995 tenemur
2142 1935 2212 1994 et
2271 1929 2567 1995 volumus
2650 1926 2911 1993 fidelem

524 2034 772 2099 habere
831 2041 1208 2113 respectum
1254 2051 1334 2098 ac
1380 2032 1560 2114 ipsos
1619 2040 1939 2113 tanquam
2000 2032 2404 2115 principales
2466 2036 2782 2113 patronos
2840 2037 2915 2095 et

524 2137 820 2204 dominos
868 2142 1131 2203 nostros
1166 2138 1406 2220 juvare
1451 2136 1761 2219 fideliter,
1806 2138 1981 2204 sicut
2024 2143 2095 2205 et
2131 2137 2423 2219 expedit,
2453 2134 2672 2219 dignis
2706 2135 2915 2200 hono-

527 2241 712 2307 ribus
759 2240 1085 2307 venerari.

735 2344 828 2410 Et
872 2345 1034 2411 licet
1078 2346 1402 2425 quaedam
1449 2344 1582 2409 alia
1627 2345 1800 2409 bona
1860 2350 2091 2410 nostra
2147 2350 2217 2411 et
2264 2344 2589 2410 ecclesiae
2639 2350 2919 2409 nostrae

526 2449 912 2530 praedictae
996 2448 1132 2515 sint
1207 2449 1408 2516 etiam
1485 2447 1798 2516 hincinde
1878 2450 1947 2515 in
2015 2449 2219 2516 terris
2290 2453 2359 2515 et
2423 2447 2913 2530 principatibus

524 2557 764 2621 ducum
809 2553 1070 2620 Sleziae
1115 2560 1187 2619 et
1233 2553 1630 2636 Opuliensis,
1678 2573 1883 2639 regno
1936 2557 2007 2620 B.
2056 2556 2501 2636 incorporatis
2566 2561 2637 2620 et
2683 2553 2918 2632 unitiS,

524 2667 600 2725 ut
647 2659 1121 2741 praemittitur,
1183 2660 1338 2739 quia
1393 2671 1616 2725 tamen
1680 2678 1903 2725 omnes
1966 2660 2384 2741 principatus
2449 2659 2825 2725 huiusmodi
2872 2677 2913 2722 a

524 2782 730 2847 regno
794 2769 863 2830 et
929 2781 1172 2830 corona
1232 2763 1306 2829 Β.
1369 2763 1436 2828 in
1496 2763 1755 2829 feodum
1826 2765 2239 2845 dependent:
2303 2764 2553 2830 idcirco
2620 2761 2917 2829 fatemur

523 2867 724 2934 etiam
757 2869 931 2933 bona
962 2879 1195 2934 nostra
1230 2871 1476 2951 eadem,
1509 2876 1979 2949 praeterquam
2012 2887 2112 2951 ea,
2142 2887 2312 2949 quae
2345 2875 2501 2934 suut
2531 2869 2600 2933 in
2630 2867 2913 2934 Swidni-

521 2972 704 3038 censi
750 2979 820 3038 et
865 2972 1185 3038 Jaurensi
1231 2973 1607 3059 ducatibuS,
1658 2972 1801 3039 fore
1847 2973 1917 3038 in
1962 2991 2171 3057 regno
2223 2974 2295 3039 B.
2342 2973 2730 3040 constituta.

725 3077 1192 3142 Protestamur
1235 3083 1458 3143 tamen
1518 3096 1856 3160 expresse,
1919 3080 2093 3158 quod
2150 3081 2321 3143 bona
2387 3078 2757 3144 huiusmodi
2822 3079 2911 3143 ad

519 3181 699 3246 nulla
757 3199 961 3246 onera
1015 3183 1421 3265 pecuniaria,
1489 3181 1869 3265 personalia
1915 3183 2062 3249 sive
2107 3182 2335 3264 realia,
2394 3183 2533 3248 sint
2590 3183 2905 3264 cuiquam

522 3285 790 3367 penitus
823 3285 1138 3370 obligata.

725 3389 1210 3456 Promittentes
1259 3393 1429 3456 bona
1473 3389 1604 3456 fide
1654 3397 1903 3473 nostra,
1950 3391 2097 3456 sine
2143 3391 2317 3464 omni
2360 3392 2532 3473 dom,
2580 3391 2908 3473 praefatis

517 3495 800 3560 dominis
847 3499 918 3560 et
966 3493 1265 3574 patronis
1312 3496 1581 3578 nostriS‚
1635 3495 1711 3560 B.
1761 3495 2049 3578 regibus,
2114 3511 2233 3574 pro
2290 3494 2479 3561 nobis
2527 3502 2597 3560 et
2643 3513 2911 3561 succes-

518 3599 781 3665 soribus
841 3600 1113 3682 nostriS,
1184 3601 1358 3680 quod
1420 3600 1947 3681 quotiescunque
2014 3618 2239 3683 regem
2298 3601 2395 3682 B.,
2454 3601 2785 3665 dominum
2838 3609 2909 3665 et·

519 3710 868 3786 patronum
914 3713 1232 3786 nostrum,
1279 3704 1443 3771 mori
1475 3706 1840 3789 continget,
1870 3707 2047 3785 quod
2076 3711 2238 3770 tunc
2270 3704 2621 3787 episcopus
2654 3703 2905 3772 Wrati-

515 3809 886 3903 slaviensis‚
933 3810 1046 3890 qui
1080 3827 1196 3891 pro
1231 3817 1528 3890 tempore
1561 3808 1784 3891 fuerit,
1814 3826 1949 3874 una
1984 3828 2131 3875 cum
2162 3809 2545 3876 melioribus
2578 3809 2905 3890 praelatis

517 3914 860 3994 ecclesiae,
905 3915 1164 3980 nomine
1198 3922 1268 3980 et
1297 3914 1446 3980 vice
1479 3914 1584 3980 sui
1615 3922 1689 3980 et
1723 3912 2019 3995 capituli,
2049 3915 2134 3979 ad
2167 3912 2659 3979 coronationem
2690 3910 2907 3979 futuri

514 4020 710 4102 regiS‚
755 4027 1072 4100 tanquam
1117 4021 1202 4085 ad
1249 4018 1737 4084 solemnitatem
1786 4025 1856 4084 et
1900 4017 2208 4101 gaudium
2256 4017 2519 4099 patroni
2554 4024 2625 4083 et
2656 4018 2907 4084 domiui

513 4125 728 4191 nostri
787 4143 868 4191 ac
935 4123 1510 4190 Wratislaviensis
1572 4122 1920 4204 ecclesiae,
1981 4123 2389 4188 tenebuntur
2450 4125 2521 4187 et
2565 4123 2906 4189 debebunt

511 4229 834 4294 accedere
904 4235 974 4294 et
1035 4227 1278 4295 ibidem
1340 4233 1656 4294 coronato
1718 4245 1879 4311 rege
1942 4226 2174 4292 statim
2234 4228 2319 4292 ab
2376 4226 2521 4307 ipso
2585 4227 2898 4308 oppidum

511 4331 834 4398 Grotkaw
881 4351 1024 4399 cum
1070 4332 1282 4414 ipsius
1329 4339 1518 4398 terra
1563 4338 1633 4396 et
1680 4330 1994 4397 districtu
2042 4337 2112 4396 et
2158 4330 2457 4397 omnibus
2494 4347 2576 4396 ac
2609 4330 2895 4415 singulis
