3288 4973
1591 314 1980 376 —358—

795 520 954 588 312.
1004 517 1353 606 Treugae
1396 515 1705 588 Alberfi
1749 513 2053 587 comitis
2097 511 2621 586 Anhaltensis.

1260 640 1457 725 1351,
1503 641 1613 707 20.
1660 636 1866 709 Maii.
1913 636 2302 724 (Pl-agae.)

790 777 1061 833 Albrecht
1093 793 1202 831 von
1238 776 1573 844 Aschanien,
1628 774 1764 845 graf
1796 791 1902 830 von
1945 773 2168 840 Anhalt,
2225 773 2465 828 achliezt
2515 771 2617 826 auf
2667 770 2974 836 verlangen

586 868 707 921 kon.
747 864 913 920 Karls
950 863 1031 918 IV
1084 863 1177 918 fur
1214 863 1335 916 sich
1371 863 1485 918 und
1522 863 1677 918 scine
1714 861 2206 932 bundesgenossen
2265 860 2429 914 einen
2483 855 2975 912 waffenstillstand

581 951 685 1008 mit
721 952 845 1006 dem
870 950 1226 1020 pfalzgrafen
1263 949 1501 1020 Ludwig
1527 951 1639 1005 und
1669 951 1869 1005 dessen
1893 949 2277 1005 verbundeten
2303 947 2362 1002 in
2387 948 2512 1001 (lem
2537 945 2736 1013 kriege
2777 957 2974 1010 wegen

582 1041 680 1095 der
714 1041 871 1095 mark
914 1036 1333 1107 Brandenburg.

790 1161 1017 1248 (Arch.
1061 1158 1128 1228 S.
1181 1159 1421 1246 Wonc.)

734 1488 740 1494 .
784 1387 935 1456 313.
982 1384 1280 1455 Foedus
1327 1403 1497 1455 cum
1548 1382 1936 1471 Stephano
1983 1381 2324 1470 palatino
2369 1379 2641 1452 Rheni.

1189 1508 1385 1592 1351,
1432 1509 1540 1576 18.
1590 1504 1952 1593 Augusti.
2001 1503 2365 1589 (Pirnae.)

794 1645 1045 1713 Stephan
1082 1643 1371 1713 pfalzgraf
1402 1645 1514 1698 und
1552 1643 1790 1712 hertzog
1826 1643 1884 1698 in
1926 1642 2146 1710 Baiern,
2185 1641 2484 1697 verbindet
2517 1641 2636 1695 sich
2675 1641 2778 1696 mit
2805 1639 2970 1708 konig

578 1732 716 1788 ΚΘΛ-1
754 1730 852 1787 1v.
890 1731 1004 1787 und
1042 1733 1141 1786 der
1178 1731 1411 1800 konig-in
1448 1731 1608 1785 Anna
1644 1748 1716 1784 zu
1753 1730 2179 1800 gegenseitiger
2217 1732 2660 1797 unterstiitzung
2696 1729 2810 1782 und
2837 1727 2968 1782 hilfe

582 1821 640 1875 in
676 1819 885 1874 Baiern
922 1833 1115 1888 gegen
1142 1817 1486 1888 jedermann.

794 1939 1020 2028 (Ao-ck.
1064 1936 1133 2007 S.
1185 1937 1422 2024 Wenc.)

789 2164 941 2232 314.
1033 2161 1405 2234 Hem-icus
1495 2160 1652 2231 dux
1727 2160 2272 2250 Glogoviensis
2348 2163 2427 2231 et
2503 2161 2965 2250 Saganensis

582 2267 937 2338 ducatum
986 2267 1475 2338 Ploczensem
1519 2265 1603 2335 in
1647 2265 1954 2335 feudum
2000 2263 2347 2352 suscipit.

1356 2389 1553 2473 1351,
1598 2391 1664 2458 7.
1711 2386 2204 2476 Septembris.

788 2528 915 2582 List
972 2528 1256 2583 Henricha
1309 2526 1571 2581 kniezete
1628 2526 2037 2595 Hlohovskeho‚
2093 2532 2158 2581 ze
2211 2526 2587 2583 kniezetstvie
2641 2528 2964 2593 Plocenske‚

580 2616 777 2670 kterez
806 2614 929 2683 jest
980 2614 1183 2685 spadlo
1229 2630 1302 2668 na
1356 2613 1513 2668 krAle
1570 2614 1824 2683 ceskeho,
1882 2613 2048 2683 piijal
2090 2614 2210 2684 jest
2260 2615 2366 2682 pod
2425 2616 2548 2670 leno
2606 2616 2676 2670 od
2735 2616 2966 2669 kraluov

579 2700 819 2768 ceskych
856 2718 889 2757 a
927 2718 1000 2757 na
1037 2708 1097 2757 to
1138 2702 1372 2769 prisahn
1407 2701 1597 2756 ucinil.

774 2824 911 2891 Nos
960 2824 1320 2891 Heinricus
1382 2826 1461 2891 D.
1512 2845 1606 2909 gr.
1655 2827 1790 2891 dux
1837 2824 2200 2907 Glogoviae
2267 2834 2337 2893 et
2400 2826 2701 2893 dominus
2759 2826 2964 2909 Saga-

570 2929 817 3013 nensiS,
862 2934 1089 2995 notum
1132 2927 1411 2995 facimus
1461 2936 1607 3013 etc,
1657 2932 1828 3010 quod
1862 2930 2018 3010 quia
2049 2929 2518 2998 serenissimus
2549 2950 2629 2997 ac
2660 2932 2963 2997 invictis-

573 3032 773 3100 simus
834 3032 1141 3115 princeps
1209 3040 1275 3100 et
1334 3035 1656 3117 dominus,
1704 3036 1762 3100 d.
1807 3034 2097 3101 Karolus
2160 3035 2345 3102 Rom.
2391 3055 2442 3101 s.
2489 3054 2546 3101 a.
2595 3040 2665 3102 et
2707 3035 2782 3100 B.
2831 3053 2963 3116 reX,

571 3138 874 3204 dominus
922 3142 1155 3204 noster
1196 3139 1551 3220 gratiosus,
1582 3138 1775 3205 nobis
1807 3157 2063 3205 necnon
2095 3140 2344 3206 illustri
2377 3139 2678 3208 dominae
2710 3140 2966 3221 Annae,

570 3242 863 3308 consorti
906 3247 1179 3309 nostrae
1233 3242 1591 3327 legitimae,
1642 3244 1993 3309 heredibus
2043 3248 2113 3310 et
2161 3246 2658 3311 successoribus
2714 3244 2962 3311 nostris

572 3346 882 3412 ducatum
948 3345 1404 3428 Ploczenciae‚
1464 3348 1574 3428 qui
1641 3366 1763 3430 per
1823 3354 2096 3415 mortem
2156 3350 2442 3416 illustris
2502 3350 2844 3433 principiS,
2904 3353 2961 3416 d.

570 3447 880 3517 Bolconis
927 3450 1080 3516 olim
1127 3452 1312 3518 ducis
1359 3452 1619 3533 ibidem,
1671 3453 1906 3519 sororii
1973 3454 2188 3520 nostri
2249 3453 2497 3537 dilecti,
2562 3456 2839 3522 vacavit
2896 3460 2964 3520 et

571 3554 657 3620 ad
704 3571 1013 3621 coronam
1060 3556 1249 3637 regni
1299 3557 1368 3622 B.
1416 3556 1716 3623 noscitur
1774 3558 2109 3624 ordinarie
2171 3561 2542 3642 devolutuS,
2599 3562 2680 3625 de
2741 3560 2958 3643 singu-

570 3657 698 3723 lari
742 3676 903 3725 suae
950 3661 1325 3743 majestatis
1372 3662 1608 3743 gratia,
1671 3680 1814 3727 cum
1879 3663 2016 3727 suis
2065 3664 2370 3730 dominiis
2419 3673 2490 3732 et
2534 3664 2958 3747 pertinentiis

574 3762 839 3841 dignum
910 3765 1100 3830 duxit
1161 3763 1533 3831 liberaliter
1602 3764 2089 3849 conferendum,
2153 3775 2352 3849 prout
2411 3770 2480 3835 in
2537 3770 2754 3836 literis
2818 3772 2958 3855 ejus

573 3866 907 3948 regalibus
972 3870 1260 3950 desuper
1319 3868 1521 3935 editis
1586 3870 1844 3951 plenius
1913 3878 1982 3937 et
2046 3873 2330 3939 lucidius
2387 3881 2492 3939 est
2543 3892 2957 3955 expressum:

575 3968 823 4035 idcirco
870 3972 1087 4037 animo
1135 3971 1505 4041 deliberato
1554 3979 1624 4040 et
1672 3980 2052 4045 nostrorum
2093 3978 2382 4045 fidelium
2414 3982 2776 4045 accedente
2809 3996 2955 4044 con-

578 4071 744 4157 silio,
806 4082 1119 4157 suscepto
1188 4077 1491 4157 praefato
1554 4082 1801 4146 ducatu
1861 4082 2004 4147 sive
2065 4083 2441 4166 principatu
2500 4086 2569 4149 in
2627 4085 2955 4165 pheudum

574 4177 851 4261 insigne,
898 4180 1077 4245 dicto
1125 4180 1381 4248 domino
1428 4188 1660 4249 nostro
1707 4185 1866 4268 regi,
1911 4188 2268 4253 heredibus
2331 4193 2399 4253 et
2461 4188 2954 4255 successoribus

574 4279 729 4363 suis,
773 4280 1043 4365 regibus
1093 4282 1161 4347 B.
1211 4290 1280 4349 et
1326 4303 1609 4353 coronae
1659 4293 1842 4369 regni
1891 4291 2210 4373 ejusdem,
2257 4292 2325 4357 in
2373 4299 2764 4375 perpetuum
2801 4294 2948 4361 fide·
