3288 4973
1502 281 1896 346 —126—

497 491 747 554 tenore
779 485 1229 568 praesentium
1276 485 1579 552 volumus
1627 486 1891 567 publice
1945 487 2283 572 devenire,
2343 490 2520 568 quod
2566 507 2712 556 cum
2755 508 2876 556 ser.

498 591 829 674 princeps,
876 588 1173 657 dominus
1218 589 1265 655 J
1268 591 1563 656 ohannes
1602 589 1678 656 B.
1709 609 1829 656 rex
1859 595 1931 656 et
1961 590 2246 659 illustris
2279 593 2578 660 dominus
2611 593 2879 660 Carolus

500 694 979 780 primogenitus
1026 694 1186 780 eine,
1231 694 1526 761 marchio
1572 693 1934 776 Moraviae,
1983 715 2102 777 pro
2149 715 2222 763 se
2255 702 2325 762 et
2356 698 2496 763 suis
2529 697 2880 764 heredibus

500 801 1023 882 praetendentes
1070 801 1473 868 commodum
1504 803 1577 866 et
1608 799 2162 879 tranquillitatem
2195 818 2546 882 regnorum
2579 801 2882 867 Boemiae

500 908 569 970 et
614 904 932 972 Poloniae
990 921 1073 971 ac
1118 903 1623 986 regnigenarum
1695 908 1764 970 et
1809 903 2172 970 incolarum
2216 903 2508 988 ipsorum
2571 923 2694 971 nec
2755 923 2880 972 non

498 1007 1058 1092 contemplatione
1124 1010 1196 1072 et
1261 1005 1511 1072 intuitu
1574 1006 2142 1074 serenissimorum
2209 1006 2598 1092 principum,
2644 1009 2882 1076 domini

494 1111 715 1178 Caroli
760 1111 1147 1194 Hungariae
1178 1111 1355 1193 regis
1392 1116 1461 1177 et
1492 1109 1660 1176 dicti
1689 1110 2012 1190 Kazimiri
2042 1111 2359 1192 Poloniae
2391 1113 2586 1197 regiS,
2619 1113 2882 1196 cupien-

493 1221 727 1298 tesque
771 1215 936 1297 ipsis
983 1215 1208 1298 regnis
1256 1219 1326 1282 et
1372 1213 1743 1282 hominibus
1789 1215 1942 1283 hinc
1988 1215 2143 1282 inde
2207 1216 2462 1283 salubri
2521 1218 2874 1301 providere

494 1319 799 1402 remedio,
860 1323 1188 1400 quatenus
1253 1319 1531 1401 provide
1598 1319 1966 1386 animarum
2026 1325 2097 1386 et
2157 1338 2503 1402 corporum
2567 1321 2877 1403 periculis

494 1423 858 1489 salubriter
902 1421 1231 1506 obvietur,
1290 1427 1527 1506 sponte
1572 1441 1654 1490 ac
1699 1424 1907 1502 libere
1953 1423 2501 1492 renunciaverint
2531 1423 2706 1491 omni
2735 1423 2885 1508 iuri,

492 1527 759 1610 actioni,
807 1527 1200 1610 exceptioni,
1245 1527 1660 1610 proprietati,
1693 1527 1978 1596 dominio
2011 1533 2082 1596 et
2111 1527 2310 1594 titulo
2343 1527 2530 1610 regni
2561 1528 2873 1595 Poloniae

497 1631 595 1698 eis
637 1632 710 1699 in
756 1651 833 1699 eo
880 1633 1432 1715 competentibuS,
1464 1632 1585 1699 snb
1622 1651 1834 1714 poena
1867 1632 2582 1717 excommunicationiS,
2615 1633 2878 1714 promit-

495 1741 718 1802 tentes
764 1755 882 1818 pro
928 1755 1002 1804 00
1048 1741 1118 1804 et
1162 1737 1516 1804 heredibus
1560 1737 1704 1803 suis
1751 1742 1986 1804 contra
2045 1736 2418 1804 huiusmodi
2479 1737 2874 1804 renuntiati-

494 1859 684 1906 onem
731 1847 800 1908 et
846 1843 1213 1910 cessionem
1248 1860 1380 1908 non
1428 1841 1895 1908 contravenire
1945 1842 2169 1922 aliqua
2201 1841 2568 1924 occasione,
2599 1842 2882 1926 ingenio,

491 1943 670 2012 facto
716 1945 973 2026 pariter
1018 1951 1088 2012 et
1133 1963 1453 2027 sermone,
1502 1949 1702 2026 prout
1747 1944 1816 2011 111
1863 1945 2014 2010 aliis
2061 1962 2286 2012 eorum
2331 1945 2580 2011 litteris
2625 1945 2882 2027 plenius

493 2049 889 2116 continetur.
922 2048 1355 2134 Exceperunt
1388 2054 1611 2115 tamen
1644 2047 2115 2131 excipiuntque
2139 2068 2496 2132 generosos
2521 2049 2876 2134 principes,

494 2153 791 2220 dominos
840 2155 1040 2222 duces
1088 2153 1262 2221 infra
1303 2151 1611 2237 scriptOS,
1644 2153 1937 2220 vasallos
1970 2171 2211 2237 eorum,
2251 2171 2396 2220 cum
2427 2171 2652 2220 00111111
2687 2155 2883 2221 duca·

486 2256 683 2342 tibus,
730 2259 952 2342 terriS,
1000 2257 1207 2343 bonis,
1250 2256 1555 2324 dominiis
1588 2264 1659 2323 et
1689 2257 2118 2340 pertinentiis
2152 2256 2670 2340 quibuscunque,
2701 2276 2872 2340 quae

450 2411 453 2414 .
489 2366 785 2444 tempore
833 2362 1143 2443 praestiti
1190 2361 1475 2444 homagii
1522 2362 1949 2443 possiderunt
1993 2365 2064 2429 et
2110 2363 2286 2454 omni
2323 2365 2514 2428 modo
2549 2368 2620 2428 et
2650 2363 2886 2445 forma,

490 2467 728 2550 quibus
775 2466 938 2534 dicti
986 2466 1229 2534 domini
1277 2469 1483 2534 duces
1528 2466 1694 2550 ipsis
1741 2466 2021 2534 dominis
2069 2465 2214 2552 regi
2262 2466 2573 2535 Boemiae
2610 2471 2682 2534 et
2711 2485 2881 2534 mar-

492 2572 713 2639 chioni
780 2569 1124 2639 Moraviae
1187 2576 1256 2637 et
1321 2589 1545 2638 eorum
1622 2571 1982 2639 heredibus
2057 2572 2201 2638 sive
2278 2571 2567 2654 ipsorum
2637 2570 2886 2639 dicioni

488 2675 919 2743 subiecerunt
963 2694 1037 2741 se
1084 2694 1505 2743 successores
1552 2678 1756 2743 duces
1805 2680 1877 2741 et
1921 2678 2202 2743 ducatus
2235 2694 2464 2743 eorum
2495 2682 2564 2742 et
2596 2674 2884 2743 dominia

482 2798 637 2847 cum
701 2779 1175 2863 appendentiis
1237 2779 1648 2860 quibuslibet
1713 2779 1851 2845 suis
1918 2797 2036 2845 suo
2102 2784 2172 2845 et
2239 2780 2556 2845 heredum
2619 2796 2889 2845 suorum

485 2883 771 2950 dominio
818 2884 1124 2951 totaliter
1170 2889 1621 2952 reservantur.
1667 2884 2103 2966 Exceperunt
2135 2882 2335 2949 etiam
2376 2888 2595 2950 terras
2631 2882 2884 2951 Wrati·

485 2989 739 3057 slaviae
787 2996 857 3054 et
901 2988 1263 3071 Glogoviae
1312 3006 1460 3054 cum
1506 2988 1808 3055 omnibus
1853 2986 2301 3070 pertinentiis,
2349 2986 2772 3054 districtibus
2816 2992 2888 3052 et

483 3092 768 3160 dominio
814 3096 901 3160 ad
944 3092 1156 3174 ipsam
1202 3093 1668 3175 spectantibus
1732 3110 1992 3173 quoquo
2053 3094 2262 3158 modo.
2322 3091 2586 3158 Domini
2655 3096 2878 3157 autem

484 3200 689 3267 duces
746 3202 816 3263 et
874 3200 1158 3265 ducatus
1203 3197 1536 3279 praedicti
1592 3197 1662 3262 hi
1722 3200 1907 3262 sunt:
1957 3194 2204 3262 domini
2249 3195 2597 3263 Boleslaus
2645 3193 2870 3277 Ligni-

481 3301 702 3367 censis
750 3307 820 3367 et
864 3301 1244 3385 Bregensis.
1290 3300 1623 3367 Henricus
1673 3298 2079 3381 Saganensis
2128 3306 2198 3365 et
2245 3298 2658 3387 Crosnensis,
2705 3299 2872 3365 Con-

485 3409 689 3473 radus
735 3405 1121 3489 OlsinensiS,
1183 3406 1232 3473 J
1234 3406 1530 3472 ohannes
1591 3404 2042 3471 Stinaviensis
2093 3404 2354 3472 Sleziae
2402 3405 2624 3487 1111000,
2671 3402 2888 3470 Bolko

484 3512 567 3577 de
614 3510 800 3593 Opol,
830 3509 1041 3575 Bolko
1075 3512 1157 3575 de
1190 3508 1634 3591 Falkenberg,
1671 3510 1989 3575 Albertus
2024 3512 2105 3575 de
2139 3507 2436 3591 Strelitz,
2469 3506 2890 3575 Wladislaus

483 3613 817 3682 Coslensis
836 3619 907 3680 et
922 3611 1396 3697 BytumiensiS,
1412 3612 1854 3680 Wenceslaus
1875 3613 2186 3697 princeps
2206 3610 2569 3692 Masoviae,
2586 3609 2890 3678 dominus

482 3719 553 3784 in
597 3718 825 3803 Plozk,
870 3717 1093 3783 Lesko
1139 3718 1222 3783 de
1253 3718 1578 3800 Rathbor,
1609 3718 1658 3784 J
1659 3736 1909 3785 oannes
1943 3715 2492 3785 Oswentimensis
2526 3719 2596 3781 et
2627 3714 2888 3781 Wladi-

486 3824 668 3889 slaus
717 3824 798 3889 de
846 3821 1160 3888 Teschin.

692 3927 832 3993 Nos
862 3924 1089 4007 itaque
1121 3926 1424 3993 volentes
1462 3924 1762 3992 favorem
1809 3930 1879 3991 et
1924 3922 2454 3992 indissolubilem
2506 3921 2890 3989 dilectionis

483 4030 841 4099 amicitiam
899 4030 1079 4095 inter
1136 4028 1475 4110 praefatos
1536 4029 1853 4112 1101011100,
1913 4048 2137 4111 regem
2205 4027 2519 4095 Boemiae
2582 4030 2654 4092 et
2713 4045 2888 4091 mar-

480 4135 779 4201 chionem
829 4132 1172 4201 Moraviae
1218 4139 1290 4201 et
1332 4134 1670 4215 Poloniae,
1716 4139 2068 4215 gratanter
2128 4131 2284 4198 hinc
2338 4130 2496 4198 inde
2547 4130 2872 4197 benevole

478 4238 811 4321 amplecti,
852 4238 1295 4320 promittimus
1357 4258 1474 4321 pro
1531 4239 1676 4320 ipso
1725 4238 1984 4303 domino
2052 4256 2210 4319 rege
2261 4240 2493 4301 nostro
2545 4234 2886 4317 Poloniae,

73 1585 97 1652 Η
73 799 129 1574 vvanww-quwffsuu
108 751 131 772 a,
112 727 119 734 .
102 523 115 534 ·
102 335 131 368 2.
112 157 125 168 ,

124 1617 131 1622 -
132 1565 139 1572 ο
128 1347 137 1380 .,.,
124 1311 137 1318 2
118 1195 155 1250 :⁸.¹
152 1135 155 1138 ἢ
128 1087 131 1096 -
134 1045 155 1056 Φ,
122 979 167 1010 ..νζ
152 937 155 940 ἢ
124 859 161 896 ’,ξ
126 821 141 840 ⁴n
126 711 157 770 ἶΓ.
128 599 167 684 ...Ι-ζ..
130 459 157 504 ..1,
128 367 169 402 ..Ἰ
120 303 169 342 9:
134 235 165 280 ..μὴ
126 133 169 186 ’.ἶι
144 65 165 106 η’,

166 1041 171 1046 ·
168 575 171 578 ⁴
186 447 189 450 ⁴
176 341 189 346 ,ι
166 197 175 216 ..
172 161 177 166 .
166 111 185 132 ⁴·
158 37 185 84 &a
