3288 4973
1499 347 1848 407 -20-

745 547 1064 613 raedictis
1102 547 1388 631 juribus,
1437 549 2055 633 consuetudinibus,
2107 549 2480 631 privilegiis
2526 548 2636 613 vel
2681 546 2875 612 liber·

785 652 1248 736 praejudicare
1297 661 1590 738 possent,
1637 654 1996 738 privilegia
2041 655 2364 729 dabimus
2411 654 2539 719 imo
2587 653 2747 716 data
2792 650 2874 714 ab

745 758 1154 823 raesentibus
1211 776 1619 826 revocamus,

745 860 774 927 L
835 860 926 925 Et
1002 879 1086 927 ne
1162 862 1354 929 huius
1432 864 1902 946 generalitatis
1978 864 2357 947 ambiguum
2433 859 2875 927 calumniosae

745 984 805 1030 m
868 966 1449 1049 interpretationis
1509 970 1914 1051 figuratione
1981 968 2285 1033 adhibita
2353 967 2422 1033 in
2493 964 2874 1047 praedictae

745 1093 754 1133 ι
801 1072 1132 1137 voluntati
1179 1072 1585 1139 contrarium
1618 1079 1687 1138 et
1719 1074 2012 1154 ipsorum
2043 1071 2534 1156 regnicolarum
2567 1068 2874 1135 odibilem

779 1174 1221 1242 intellectum:
1270 1179 1642 1243 eorumdem
1690 1178 2176 1260 regnicolarum
2225 1179 2399 1258 jura,
2450 1193 2621 1255 quae
2666 1171 2878 1256 magis

745 1278 965 1345 atione
1012 1287 1080 1345 et
1126 1288 1363 1363 aperta
1408 1280 1862 1364 intelligentia
1910 1301 2073 1363 opus
2123 1281 2389 1363 habent,
2421 1299 2540 1361 per
2587 1279 2710 1344 hoc
2755 1293 2886 1342 non

745 1382 822 1446 tis
870 1400 994 1448 nec
1053 1384 1395 1451 diminutis
1457 1385 1628 1468 aliis,
1692 1386 2015 1468 promissa
2078 1403 2335 1465 quoque
2397 1391 2646 1464 nostra,
2712 1397 2880 1461 quae

745 1505 835 1551 »er
881 1486 1130 1554 eisdem
1170 1488 1434 1572 juribus
1482 1495 1551 1555 et
1598 1491 1991 1569 quibusdam
2052 1490 2258 1555 certis
2305 1489 2611 1555 articulis
2658 1489 2880 1552 obser·

758 1591 1234 1674 praestitimus,
1268 1594 1646 1674 praesentis
1679 1595 1916 1676 scripti
1949 1594 2406 1660 mandavimus
2448 1589 2877 1658 annotatione

745 1800 809 1866 [I.
844 1799 1246 1881 Specialiter
1278 1803 1449 1868 enim
1483 1804 1649 1869 haec
1673 1806 1831 1888 jura
1862 1803 2238 1889 regnicolas
2271 1803 2452 1884 ipsos
2484 1805 2567 1868 ab
2605 1799 2876 1878 antiquo

745 1922 799 1970 ιθ
847 1911 918 1971 et
963 1925 1004 1971 a
1049 1907 1241 1973 uobis
1309 1912 1380 1972 et
1441 1909 1943 1975 successoribus
2006 1908 2255 1974 nostris
2322 1909 2571 1973 habere
2644 1905 2886 1969 debere

745 2009 961 2076 utibus
1011 2011 1425 2091 profitemur:

745 2113 813 2179 V.
850 2112 1040 2196 Quod
1071 2114 1388 2181 videlicet
1419 2118 1676 2183 nobiles
1708 2123 1780 2183 et
1812 2118 2193 2201 terrigenae
2225 2116 2356 2197 ipsi
2388 2132 2519 2181 uon
2550 2116 2880 2191 tenentur,

745 2236 783 2283 ¹s
828 2217 1012 2299 ipsos
1044 2221 1129 2285 ad
1160 2220 1283 2286 hoc
1332 2222 1643 2288 debemus
1691 2221 1918 2301 aliqua
1962 2221 2222 2289 ratione
2271 2219 2684 2301 compellere,
2717 2214 2888 2295 quod

745 2322 1114 2389 »editionem
1146 2327 1519 2406 procedant
1547 2325 1836 2406 aliquam
1869 2328 2048 2392 ultra
2080 2345 2274 2407 quam
2307 2330 2526 2390 metae
2559 2328 2886 2387 terrarum

745 2446 804 2494 te
853 2434 922 2494 et
969 2428 1312 2497 Moraviae
1359 2448 1432 2496 se
1480 2433 1869 2514 extendunt,
1932 2430 2061 2497 uisi
2122 2432 2244 2498 hoc
2292 2432 2376 2496 ab
2423 2429 2547 2511 eis,
2590 2433 2665 2492 ut
2712 2425 2888 2491 ultra

777 2535 960 2615 ipsas
1029 2536 1116 2600 ad
1187 2535 1675 2617 expeditionem
1750 2538 2137 2617 procedant,
2211 2534 2461 2601 nostris
2540 2544 2885 2614 possumus

745 2657 806 2703 1s
852 2639 959 2706 vel
1006 2639 1299 2704 denariis
1346 2639 1667 2704 obtinere.
1732 2639 1864 2705 Sed
1924 2658 2068 2705 cum
2115 2638 2280 2720 ipsis
2328 2635 2530 2703 terris
2577 2632 2886 2701 Boemiae

745 2742 961 2810 raviae
1024 2743 1134 2809 vel
1193 2762 1420 2809 earum
1489 2744 1689 2810 alteri
1758 2744 2214 2810 defendendae
2281 2743 2387 2809 vel
2435 2738 2886 2823 pacificandae

745 2854 873 2915 eret
935 2848 1330 2930 necessitaS,
1388 2850 1472 2913 ad
1532 2849 1659 2913 hoc
1728 2850 1871 2914 sive
1932 2847 2359 2930 expeditione
2424 2846 2567 2911 sive
2615 2840 2890 2909 servitio

745 2970 852 3033 pus
915 2959 1114 3033 esset,
1176 2952 1403 3018 Boemi
1463 2959 1532 3017 et
1595 2952 1872 3029 Moravi,
1920 2952 2111 3018 simul
2181 2951 2287 3017 vel
2350 2947 2632 3028 divisim,
2697 2950 2892 3028 prout

783 3062 853 3121 et
899 3061 1118 3122 status
1165 3062 1495 3121 terrarum
1542 3057 1836 3138 ipsarum
1885 3056 2205 3139 exegerit,
2252 3054 2614 3137 procedere
2662 3066 2886 3116 neces-

745 3162 1157 3226 tenebuntur.

745 3265 784 3330 V.
855 3265 1151 3331 Collecta
1226 3264 1562 3347 generalis
1639 3283 1916 3348 quoque,
1994 3283 2164 3344 quae
2240 3261 2614 3346 vulgariter
2680 3261 2888 3324 berna

745 3391 764 3451 ·‚
812 3387 934 3434 nec
981 3387 1100 3449 per
1130 3387 1250 3434 nos
1284 3387 1408 3434 nec
1440 3387 1561 3449 per
1592 3387 2013 3434 successores
2046 3373 2310 3433 nostros
2344 3385 2539 3449 reges
2579 3363 2887 3429 Boemiae

745 3492 887 3557 =guo
956 3475 1156 3539 debet
1222 3471 1467 3553 imponi
1531 3472 1637 3537 vel
1699 3473 1924 3554 recipi,
1992 3473 2120 3537 nisi
2182 3471 2249 3536 iu
2312 3472 2566 3536 duobus
2628 3466 2894 3533 casibus

745 3576 1035 3659 3criptis:
1094 3576 1202 3640 Ad
1249 3577 1742 3641 coronationem
1803 3575 2121 3642 videlicet
2182 3574 2381 3658 regis
2429 3581 2498 3640 et
2543 3574 2628 3640 ad
2676 3589 2897 3651 quam-

745 3680 895 3764 ·egis
945 3678 1145 3745 filiam
1193 3678 1648 3745 maritandam.
1699 3679 1791 3744 Et
1838 3686 1998 3746 tunc
2045 3679 2328 3745 collecta
2372 3679 2519 3759 ipsa
2552 3676 2676 3742 hoc
2708 3676 2895 3742 modo

745 3802 836 3850 ur:
863 3782 1197 3849 Videlicet
1222 3782 1505 3862 quilibet
1536 3785 1767 3849 laneus
1803 3784 1910 3849 vel
1938 3783 2377 3849 molendinum
2410 3800 2611 3862 super
2638 3780 2899 3860 flumen,

745 3894 834 3955 iot
879 3893 1063 3953 rotas
1111 3888 1438 3970 habuerit,
1499 3906 1700 3953 unum
1759 3888 2087 3954 fertonem
2150 3887 2435 3971 argenti,
2489 3890 2559 3949 et
2618 3884 2899 3964 quilibet

745 3991 1202 4059 :mechanicus
1229 3993 1311 4055 de
1335 3992 1619 4058 artificio
1646 4010 1785 4075 ειιο,
1806 3992 2142 4073 quaelibet
2168 3995 2454 4058 taberna
2468 3998 2540 4056 et
2557 3987 2900 4069 quodlibet

745 4096 953 4164 linum
1000 4114 1203 4177 super
1228 4095 1528 4181 rivulum,
1561 4097 1823 4163 etiamsi
1856 4098 2080 4181 plures
2115 4104 2300 4162 rotas
2342 4091 2670 4175 habuerit,
2703 4109 2900 4157 unum

745 4221 800 4266 m
846 4201 1132 4283 argenti,
1180 4206 1248 4266 et
1281 4200 1337 4265 si
1371 4200 1636 4284 argenti
1670 4220 1827 4268 usus
1858 4220 1989 4268 non
2019 4200 2239 4283 fuerit,
2280 4219 2398 4283 pro
2431 4199 2692 4264 fertone
2717 4196 2901 4280 XVI,

745 4312 919 4370 ›toue
978 4302 1122 4369 1111
1185 4322 1451 4388 grossos
1520 4306 1927 4390 Pragenses3
1971 4342 2055 4353 ——
2102 4308 2182 4371 de
2243 4305 2425 4387 agris
2486 4308 2726 4382 autem,
2787 4299 2900 4381 qui
