3288 4973
467 549 634 615 haec
681 549 900 614 omnia
945 547 1277 613 mediante
1300 547 1472 631 jure,
1509 548 1781 634 justitia
1828 555 1896 615 et
1934 547 2202 633 judiciis
2250 548 2595 627 aequitate
2646 547 2847 614 corri-

465 670 627 735 gere
671 652 1115 734 promittimus
1163 656 1232 718 et
1276 652 1514 733 sopire.

675 800 754 865 In
823 801 1005 884 cujus
1090 799 1189 864 rei
1273 798 1722 866 testimonium
1804 817 2121 882 praesens
2192 799 2616 883 privilegium
2682 800 2851 882 ipsis

467 910 536 970 et
581 922 808 970 eorum
845 914 847 918 “
867 903 1152 985 posteris
1217 909 1533 984 perpetuo
1580 904 1993 985 profuturum
2054 903 2385 971 conscribi
2448 903 2725 971 fecimus
2778 911 2850 971 et

467 1009 717 1075 nostris
772 1007 1011 1092 sigillis
1058 1013 1381 1089 perpetuo
1430 1007 1808 1092 consigniri.

675 1157 916 1223 Actum
976 1155 1272 1236 Opaviae
1319 1155 1464 1220 XV.
1516 1153 1665 1220 Kal.
1712 1155 2019 1221 Januarii
2069 1161 2251 1223 1306.
2314 1155 2561 1222 Datum
2608 1156 2851 1223 ibidem

466 1279 586 1342 per
631 1277 865 1325 manus
911 1260 1124 1342 Pauli,
1169 1258 1654 1340 prothonotarii
1702 1258 1925 1324 curiae
1971 1263 2259 1326 nostrae.

675 1398 885 1485 (Oriq.
932 1400 1003 1462 in
1045 1399 1310 1462 archivo
1357 1401 1577 1462 curiae
1623 1397 2033 1482 OpaviensiS.
2079 1397 2312 1479 Booeek,
2360 1395 2512 1467 God,
2556 1399 2724 1467 Mor.
2782 1399 2851 1469 V.

468 1505 616 1570 198.
664 1513 726 1568 et
769 1502 949 1589 199.)

678 1720 746 1788 3.
777 1719 1093 1792 collatio
1117 1718 1337 1806 regni
1362 1718 1703 1790 Boemiae
1722 1738 1771 1789 a
1794 1736 1977 1806 rege
2004 1718 2503 1791 Romanorum
2537 1719 2852 1791 Alberto

469 1822 649 1895 filiis
693 1822 854 1894 suis
897 1824 1116 1893 facta.

1378 1924 1607 2013 1307,
1660 1925 1779 1997 18.
1827 1925 1994 1996 Jan.

681 2088 1004 2154 Albertus
1051 2085 1126 2152 D.
1178 2105 1274 2170 gr.
1325 2086 1765 2152 Romanorum
1812 2104 1932 2151 rex
1978 2089 2103 2151 etc.

680 2234 831 2300 Etsi
893 2233 1187 2315 puritate
1249 2234 1402 2300 fidei
1464 2236 1534 2299 et
1579 2231 1857 2300 affectus
1905 2234 2273 2318 dulcedine,
2318 2235 2556 2315 quibus
2608 2238 2867 2322 magni-

475 2343 636 2406 ficus
702 2344 771 2404 et
831 2336 1166 2405 excellens
1225 2335 1570 2419 Rudolqu‚
1641 2357 1763 2402 rex
1822 2337 2198 2420 Bohemiae,
2267 2339 2747 2425 primogenitus
2794 2350 2868 2407 et

473 2443 781 2525 princeps
830 2443 1079 2509 Noster
1125 2441 1528 2525 carissimuS,
1573 2441 1808 2507 minori
1854 2439 2121 2508 functus
2169 2443 2508 2529 regimine,
2554 2444 2762 2511 Nobis
2796 2453 2871 2513 et

474 2567 666 2614 sacro
736 2549 1036 2613 Romano
1121 2548 1406 2628 Imperio
1488 2545 1750 2612 utiliter
1831 2552 1899 2612 et
1986 2547 2379 2627 obsequiose
2448 2551 2865 2631 complacere

473 2653 750 2734 studuit,
779 2651 1142 2735 gratiosius
1175 2650 1463 2733 invitati,
1510 2650 1724 2716 eidem
1768 2650 2052 2717 Rudolfo
2100 2654 2185 2717 de
2229 2670 2437 2735 regno
2484 2654 2863 2738 Bohemiae‚

474 2756 980 2839 principatibus,
1013 2756 1380 2838 ducatibus„
1415 2755 1997 2838 marchionatibuS,
2030 2756 2352 2839 dominiis,
2386 2757 2607 2842 terrm,
2651 2758 2865 2843 bonis,

469 2861 752 2943 juribus
833 2859 1434 2943 jurisdictionibus
1523 2860 1883 2926 honoribus
1958 2864 2028 2926 et
2103 2861 2531 2941 pertinentiis
2588 2862 2860 2943 quibus-

471 2983 750 3047 cunque,
797 2982 1189 3045 quocunque
1233 2969 1637 3030 censeantur
1682 2964 1961 3047 nomine,
2021 2984 2103 3029 ex
2156 2964 2491 3048 magnifici
2537 2964 2863 3049 principis

473 3069 854 3137 Wenceslai
951 3068 1295 3135 memorati
1403 3069 1595 3153 regni
1682 3069 1862 3152 regis
1952 3070 2265 3135 avunculi
2350 3070 2565 3137 nostri
2654 3070 2865 3138 caris-

474 3174 622 3240 simi
691 3175 874 3241 obitu
951 3174 1096 3239 sine
1172 3171 1402 3238 liberis
1479 3172 1792 3239 masculis
1870 3172 2223 3239 heredibus
2284 3174 2601 3257 legitimis
2670 3176 2865 3241 dece-

475 3278 696 3345 dentis
750 3277 1146 3345 vacantibus
1223 3280 1292 3341 et
1355 3277 1440 3342 ad
1509 3276 1647 3343 Nos
1716 3277 1899 3345 velut
1964 3280 2051 3343 ad
2121 3277 2297 3343 feodi
2374 3278 2703 3345 dominum
2782 3298 2865 3345 ac

473 3384 558 3449 ad
605 3382 776 3447 idem
826 3381 1178 3464 Imperium
1228 3380 1518 3447 reversis
1565 3380 1859 3464 legitime
1906 3386 1978 3447 et
2022 3380 2297 3465 apertis,
2346 3401 2528 3466 quOS,
2576 3401 2741 3462 quas
2790 3390 2865 3449 et

474 3504 646 3567 quae
691 3485 862 3552 idem
911 3487 1238 3567 quondam
1269 3485 1636 3552 avunculus
1681 3492 1911 3551 noster
1948 3486 2396 3569 WenceslauS,
2438 3491 2639 3567 pater
2684 3506 2867 3572 suus,

473 3591 770 3659 sororius
838 3598 910 3657 et
978 3590 1292 3672 princeps
1363 3589 1607 3655 Noster
1656 3590 2057 3673 carissimuS,
2132 3608 2173 3655 a
2234 3590 2443 3655 Nobis
2504 3596 2575 3656 et
2634 3593 2866 3658 eodem

473 3695 760 3777 Imperio
808 3695 939 3762 ullo
1001 3712 1308 3774 umquam
1353 3698 1651 3775 tempore
1696 3700 2075 3778 tenuerunt,
2120 3696 2496 3760 habuerunt
2544 3700 2614 3762 et
2660 3694 2867 3763 etiam

473 3802 930 3883 possederunt,
964 3799 1440 3881 providendum
1465 3798 1865 3880 duxerimuS,
1911 3800 2257 3881 ipsumque
2281 3816 2485 3882 regno
2504 3800 2869 3867 Bohemiae

479 3910 550 3971 et
615 3904 948 3971 universis
1011 3902 1338 3985 praefatis
1386 3901 1712 3984 dominiis,
1758 3902 1960 3968 terris
2023 3908 2092 3967 et
2142 3903 2403 3986 juribus
2466 3903 2865 3985 praefeceri-

472 4028 616 4074 mus
684 4010 860 4089 apud
933 4010 1251 4091 Pragam:
1315 4007 1488 4073 idem
1575 4012 1794 4072 tamen
1865 4009 2040 4087 apud
2085 4008 2444 4089 Znoymam
2504 4008 2572 4073 in
2618 4008 2871 4075 Nostra

475 4113 881 4180 constitutus
953 4113 1356 4195 praesentia,
1425 4111 1867 4192 praelibatum
1936 4128 2210 4194 regnum
2278 4117 2347 4178 et
2404 4112 2720 4179 universa
2788 4133 2873 4181 ac

474 4216 739 4301 singula
785 4217 1244 4299 suprascripta
1308 4218 1378 4283 in
1435 4234 1667 4282 manus
1702 4216 1987 4282 Nostras
2042 4216 2264 4299 regias
2312 4216 2521 4283 libere
2568 4220 2871 4302 resigna-

473 4323 592 4407 vit,
637 4326 875 4409 petens
924 4327 993 4387 et
1039 4322 1325 4393 Nostrae
1371 4322 1709 4391 instanter
1755 4320 2139 4405 supplicans
2186 4321 2551 4407 Majestati,
2614 4327 2691 4388 ut
2736 4323 2869 4394 sibi
