3288 4973
1548 331 1892 394 ..96-

519 534 711 600 nobis
756 534 1094 602 videbitur
1138 555 1258 618 pro
1303 540 1553 620 nostro,
1582 541 1916 603 terrarum
1947 537 2438 619 praedictarum
2469 540 2541 602 et
2573 532 2906 602 hominum

518 641 889 706 nostrorum
936 643 1273 708 commodo
1320 639 1637 723 expedire
1683 640 1900 708 libera
1941 640 2284 712 facultate.

726 743 1045 810 Volentes
1092 749 1163 810 et
1206 745 1487 811 firmiter
1529 749 1926 830 statuenteS,
1971 751 2064 831 ut,
2111 747 2170 814 si
2214 745 2391 813 forte
2435 763 2574 828 nos,
2617 741 2902 810 heredes

519 852 639 912 aut
694 865 1113 916 successores
1172 849 1390 916 nostri
1445 850 1696 916 sublati
1755 852 1838 916 de
1898 850 2113 919 medio
2166 849 2506 933 fuerimuS,
2549 846 2904 915 heredibus

516 951 833 1035 legitimis
900 957 971 1020 et
1037 952 1436 1034 praesertim
1496 954 1880 1021 masculinis
1943 972 2077 1022 non
2139 955 2414 1036 relictis,
2467 958 2714 1020 extunc
2773 949 2903 1016 iam

516 1053 698 1122 dicta
743 1059 916 1124 bona
970 1061 1220 1141 nostra,
1272 1063 1516 1143 terrae,
1564 1057 1884 1126 civitates
1953 1063 2023 1126 et
2091 1060 2336 1142 oppida
2401 1077 2548 1125 cum
2609 1053 2903 1122 omnibus

517 1159 945 1241 pertinentiis
992 1161 1149 1245 suiS,
1212 1167 1289 1228 ut
1330 1162 1758 1246 praedicitur,
1805 1165 1890 1230 ad
1937 1162 2187 1230 fratres
2229 1169 2519 1244 nostroS,
2569 1159 2905 1244 principes

515 1264 835 1348 illustres,
880 1267 939 1332 d.
986 1265 1355 1332 Conradum
1413 1266 1746 1350 videlicet,
1805 1269 2036 1335 ducem
2103 1267 2362 1334 Slesiae
2407 1269 2478 1332 et
2521 1263 2905 1349 Glogoviae,

515 1367 845 1434 dominum
874 1369 1282 1455 Olsnensem,
1312 1388 1393 1438 ac
1420 1373 1480 1437 d.
1509 1369 1557 1436 J
1560 1388 1858 1456 oannem,
1881 1373 2114 1438 ducem
2139 1371 2401 1439 Sleziae
2431 1375 2504 1437 et
2531 1366 2900 1453 Glogoviae

516 1491 597 1540 ac
628 1472 957 1540 dominum
982 1472 1369 1557 Stynaviae‚
1400 1475 1816 1556 heredesque
1862 1476 2190 1542 masculos
2235 1476 2584 1557 duntaxat,
2633 1472 2692 1538 si
2736 1488 2900 1552 quos

516 1575 927 1661 reliquerint,
974 1575 1033 1643 si
1077 1584 1301 1645 autem
1345 1579 1559 1645 nullos
1604 1583 1758 1661 post
1819 1597 1894 1646 se
1955 1580 2282 1646 masculos
2346 1575 2752 1659 reliquerint,
2813 1574 2896 1639 ad

514 1699 792 1767 regnum
852 1682 1164 1748 Boemiae
1224 1682 1638 1764 praedictum
1692 1682 1904 1750 libere
1965 1687 2038 1749 et
2095 1683 2502 1751 hereditarie
2564 1681 2902 1748 debebunt

513 1785 873 1869 pertinere.

719 1892 864 1958 Hoc
907 1897 1131 1958 tamen
1180 1890 1598 1958 adiciendum
1642 1891 1945 1959 duximus
1991 1892 2396 1976 nominatim,
2460 1892 2632 1972 quod
2679 1887 2738 1955 si
2781 1905 2899 1953 nos

507 1995 653 2080 ipsi,
676 1997 960 2062 heredes
982 1996 1087 2062 vel
1115 2013 1537 2062 successores
1564 1997 1778 2062 nostri
1813 1996 2100 2078 praefati
2135 2015 2276 2063 cum
2313 1993 2592 2077 clericiS,
2625 1991 2899 2073 ciuibuS,

508 2101 779 2168 rusticis
828 2105 897 2165 et
940 2100 1180 2167 Judeis
1224 2101 1473 2168 nostris
1504 2100 1754 2181 aliquid
1791 2119 2054 2186 causae,
2087 2099 2498 2182 quaestionis
2530 2100 2638 2165 vel
2668 2093 2900 2164 iudicii

508 2205 1122 2287 instauraverimus,
1170 2207 1251 2271 de
1300 2197 1405 2271 his
1450 2211 1519 2272 et
1575 2205 1949 2273 huiusmodi
1993 2224 2130 2290 rex,
2193 2206 2476 2273 heredes
2523 2209 2594 2271 et
2638 2218 2896 2268 succes-

505 2328 693 2378 sores
737 2301 839 2376 sui
886 2310 1211 2417 praedicti
1268 2310 1477 2394 nobis,
1540 2311 1896 2377 heredibus
1943 2311 2054 2377 vel
2098 2309 2598 2377 successoribus
2645 2304 2893 2372 nostris

508 2414 983 2497 superstitibus
1030 2381 1475 2482 intromittere
1522 2435 1595 2482 se
1624 2435 1755 2482 non
1788 2417 2080 2483 debeant
2110 2415 2346 2497 quovis
2376 2414 2582 2480 modo.
2631 2410 2702 2476 Si
2735 2427 2892 2476 vero

506 2521 760 2587 nobiles
784 2520 895 2588 vel
918 2520 1147 2587 fideles
1180 2525 1511 2587 terrarum
1544 2528 1922 2589 nostrarum
1955 2518 2563 2603 suprascriptarum
2595 2514 2889 2583 debitam

504 2644 623 2707 per
670 2644 807 2708 noS,
854 2626 1137 2691 heredes
1184 2626 1293 2691 vel
1338 2644 1761 2694 successores
1809 2630 2073 2693 nostros
2108 2627 2190 2692 de
2221 2624 2360 2692 suis
2392 2619 2892 2705 quaestionibus

504 2734 621 2796 aut
668 2730 886 2797 causis
948 2730 1141 2796 nobis
1198 2729 1413 2813 motis,
1472 2734 1555 2797 de
1615 2730 1855 2812 quibus
1917 2731 2106 2797 iuxta
2164 2730 2512 2797 literarum
2571 2723 2894 2811 regalium

504 2836 809 2901 datarum
891 2835 1080 2901 nobis
1155 2834 1652 2920 continentiam,
1713 2837 2076 2902 secundum
2153 2834 2441 2901 fidelium
2518 2836 2893 2899 nostrorum

504 2939 917 3005 sentenciam
977 2944 1047 3003 et
1092 2937 1427 3004 dictamen
1488 2940 1717 3007 subire
1779 2946 2081 3007 tenemur
2143 2945 2214 3007 et
2271 2940 2496 3005 facere
2549 2934 2892 3023 judicium,

504 3043 775 3121 assequi
818 3060 949 3109 non
995 3041 1253 3123 possint
1302 3043 1670 3111 iusticiam:
1717 3064 1962 3129 regem,
2026 3046 2307 3111 heredes
2355 3049 2425 3109 et
2471 3056 2892 3111 successores

503 3164 659 3213 suos
701 3151 1137 3228 praenotatos
1170 3147 1354 3213 adire
1388 3153 1721 3231 poterunt,
1753 3150 1964 3216 libere
1995 3150 2304 3231 querelas
2335 3147 2626 3230 ipsorum
2657 3162 2892 3228 propo-

512 3270 673 3318 nere
704 3255 774 3316 et
806 3250 1123 3335 defectuS,
1156 3269 1405 3333 nosque
1446 3253 1730 3320 heredes
1761 3260 1831 3319 et
1863 3272 2284 3321 successores
2315 3252 2527 3319 nostri
2561 3247 2892 3333 praedicti

512 3355 707 3421 citati
750 3355 994 3421 ibidem
1041 3375 1259 3423 coram
1308 3375 1466 3442 rege
1514 3357 1848 3441 videlicet,
1893 3359 2252 3425 heredibus
2292 3362 2362 3425 et
2391 3353 2890 3424 successoribus

504 3459 661 3544 suis,
700 3460 1009 3526 Boemiae
1054 3461 1344 3544 regibus,
1391 3462 1770 3543 ubicunque
1801 3462 2026 3547 fuerit,
2069 3462 2379 3529 Boemiae
2411 3467 2528 3528 aut
2572 3456 2888 3526 Poloniae

504 3584 724 3633 coram
769 3566 983 3632 altero
1030 3584 1188 3633 vero
1235 3564 1537 3649 principe
1585 3585 1705 3649 per
1767 3585 1882 3633 eos
1946 3570 2032 3633 ad
2094 3568 2218 3634 hoc
2277 3567 2500 3634 iudice
2545 3566 2889 3646 deputato,

502 3670 656 3736 sisti
700 3670 1071 3737 tenebimur
1116 3669 1183 3735 in
1218 3676 1404 3737 terra
1437 3672 1981 3739 wratislaviensi
2013 3675 2341 3739 duntaxat
2370 3670 2633 3752 iudici0,
2662 3667 2888 3734 facere

504 3777 573 3839 et
619 3775 841 3841 subire
890 3776 971 3841 de
1016 3774 1226 3858 nobiS,
1264 3776 1620 3843 heredibus
1655 3778 1762 3843 vel
1797 3778 2293 3845 successoribus
2325 3774 2572 3843 nostris
2605 3790 2888 3853 conque-

501 3878 804 3945 rentibus
850 3879 1257 3959 quibuslibet
1302 3880 1609 3948 iusticiae
1658 3882 2227 3964 complementum.

709 3983 882 4049 Illud
928 3984 1193 4066 insuper
1246 3985 1555 4067 specifice
1602 3988 2015 4054 decrevimus
2064 3987 2580 4071 exprimendum,
2624 3984 2797 4064 quod
2827 3983 2891 4050 si

501 4086 791 4155 fortasse
835 4107 974 4174 nOS,
1020 4088 1301 4155 heredes
1350 4093 1455 4158 vel
1504 4109 1928 4159 successores
1977 4096 2242 4159 nostros
2291 4092 2609 4175 gravatos
2640 4088 2889 4171 inopia,

503 4192 747 4261 debitis
794 4198 913 4260 aut
958 4194 1091 4261 alia
1138 4212 1338 4262 causa
1383 4195 1770 4262 rationabili
1825 4196 2050 4278 aliqua
2095 4195 2423 4263 territorii
2485 4198 2554 4260 et
2614 4190 2884 4259 dominii

500 4295 823 4382 aliquanti
855 4301 935 4365 de
968 4298 1216 4366 nostris
1261 4302 1554 4366 vendere
1588 4306 1706 4368 aut
1739 4300 2038 4385 obligare
2071 4301 2418 4392 continget
2455 4295 2882 4366 munitionem
