3288 4973
235 6 570 42 <-·-==m=r·--·
609 6 670 17 ,Π
709 6 848 26 Y„

1284 340 1674 402 —161-

305 540 465 609 fideli
509 545 737 609 nostro
784 540 1151 611 Wolframo
1193 544 1277 609 de
1322 542 1660 610 Panovicz
1705 546 1826 609 aut
1863 542 2237 609 venerabili
2268 542 2329 609 d.
2357 540 2405 609 J
2409 541 2672 623 chunni,

308 645 597 729 episcopo
666 645 1105 733 olomucensi,
1168 646 1279 715 vel
1340 646 1587 714 illustri
1649 644 1978 731 Boleslao,
2040 647 2193 715 duci
2255 644 2673 731 Legnicensi,

304 768 486 833 super
528 755 825 819 nostram
878 752 1162 837 gratiam
1208 751 1458 835 regiam
1503 751 1778 820 debebit
1821 757 1892 817 et
1935 752 2274 821 tenebitur
2308 751 2674 838 assignare,

304 873 414 937 per
448 855 633 939 ipsos
676 855 786 923 vel
831 874 1057 925 eorum
1091 856 1376 925 alterum
1405 855 1811 939 supradictis
1842 855 2121 925 ducibus
2151 860 2380 925 nostro
2413 856 2674 926 nomine

306 961 747 1045 assignandas.

488 1064 573 1133 In
620 1067 809 1153 cujus
856 1072 983 1135 etc.

490 1206 673 1274 Acta
702 1212 857 1275 sunt
885 1208 1055 1275 haec
1084 1206 1565 1275 wratislaviae
1598 1226 1656 1273 a.
1688 1207 1748 1273 d.
1785 1212 1971 1289 1337,
2010 1202 2180 1275 feria
2219 1204 2343 1274 III.
2375 1204 2674 1289 proxima

316 1314 455 1391 post
498 1314 810 1380 octavam
852 1310 1295 1395 Epiphaniae.

490 1448 778 1537 (omna.
822 1448 915 1519 II.
958 1450 1106 1517 380.
1148 1486 1237 1501 --
1280 1447 1443 1519 Emz.
1488 1448 1603 1516 ιν.
1650 1446 1830 1536 386.)

488 1645 643 1713 146.
690 1642 741 1713 J
742 1661 1027 1715 oannes
1070 1660 1210 1712 rex
1252 1640 1672 1727 Nicolaum,
1703 1639 1969 1711 ducem
1999 1639 2357 1729 opaviae,
2389 1642 2470 1713 in
2502 1662 2668 1730 pos·

299 1745 629 1819 sessione
673 1746 995 1819 ducatus
1038 1744 1485 1819 Ratiboriae
1526 1743 1910 1834 promittit
1948 1742 2374 1818 defendere.

1116 1871 1313 1957 1337,
1372 1873 1483 1939 14.
1528 1866 1581 1941 J
1582 1886 1845 1940 anuar.

492 2010 542 2079 J
544 2011 842 2080 ohannes
890 2012 971 2079 D.
1018 2030 1113 2096 gr.
1160 2010 1236 2078 B.
1280 2029 1419 2096 rex,
1450 2010 1524 2077 L.
1562 2029 1802 2095 cornea,
1833 2009 2132 2078 omnibus
2163 2010 2233 2077 in
2265 2016 2674 2094 perpetuum.

300 2114 474 2183 Inter
518 2122 799 2183 cunctas
841 2114 1343 2200 sollicitudineS,
1388 2116 1624 2197 quibus
1672 2135 1756 2185 ex
1801 2115 2212 2187 diversorum
2258 2117 2676 2201 negotiorum

302 2220 481 2305 regni
512 2220 726 2287 nostri
757 2226 828 2287 et
858 2224 1131 2288 nostrae
1163 2220 1407 2288 dicioni
1436 2222 1891 2306 subjectorum
1919 2220 2366 2289 varietatibus
2397 2220 2676 2289 diversi-

302 2327 481 2393 mode
528 2344 1022 2411 pergravamur‚
1066 2325 1233 2393 illud
1279 2327 1361 2392 de
1408 2324 1768 2408 potissimis
1815 2342 1966 2393 esse
2013 2342 2360 2394 censemus
2399 2331 2472 2392 et
2501 2326 2674 2393 arbi-

303 2434 563 2515 tramur,
608 2436 689 2498 ut
728 2430 1013 2514 quilibet
1055 2430 1249 2516 regni
1294 2429 1511 2499 nostri
1567 2429 1934 2498 incolarum
1989 2434 2060 2498 et
2119 2431 2402 2500 maxime
2461 2430 2548 2516 hi,
2606 2430 2676 2498 in

302 2535 531 2616 quibus
574 2535 785 2604 honor
828 2541 900 2604 et
944 2540 1167 2603 status
1210 2535 1621 2618 reipublicae
1659 2541 1931 2604 nostrae
1960 2534 2222 2603 residet
2246 2539 2316 2604 et
2355 2535 2678 2621 salvatur,

304 2639 365 2706 in
424 2659 545 2708 suo
604 2645 813 2726 statu,
870 2640 1335 2726 dignitatibuS,
1388 2641 1652 2726 juribus
1714 2650 1787 2708 et
1832 2641 2193 2710 honoribus
2241 2659 2363 2722 per
2405 2645 2678 2708 nostrae

302 2745 518 2829 regiae
561 2745 871 2812 tuitionis
904 2751 975 2813 et
1006 2745 1415 2813 defensionis
1456 2744 1799 2827 praesidia
1836 2763 2128 2831 congrue
2173 2751 2674 2815 conserventur.

497 2847 672 2916 Hinc
734 2854 861 2932 est,
922 2850 1098 2931 quod
1158 2867 1278 2916 nos
1341 2854 1706 2932 pensantes
1768 2850 2008 2935 gravia
2076 2850 2406 2918 disturbia
2467 2868 2680 2933 nuper

304 2952 475 3020 inter
547 2953 846 3021 illustres
920 2953 1259 3037 principes
1328 2952 1672 3021 Nicolaum
1739 2953 2086 3037 Oppaviae
2151 2959 2224 3021 et
2289 2953 2680 3023 Ratiboriae

302 3075 378 3124 ex
421 3076 571 3142 uua,
635 3063 709 3124 et
781 3057 963 3125 inter
1024 3059 1324 3126 dominos
1382 3058 1824 3126 Wladislaum
1884 3057 2424 3144 Bithumiensem‚
2481 3059 2680 3127 Kazi-

300 3161 523 3230 mirum
568 3161 1067 3235 Thesinensem.
1121 3161 1499 3230 Boleslaum
1559 3160 2272 3248 Valchenbergensem‚
2318 3163 2680 3232 Polkonem

304 3265 739 3350 Opuliensem‚
818 3267 1172 3334 Albertum
1256 3267 1733 3335 Strelicensem
1807 3271 1879 3334 et
1950 3267 2000 3335 J
2001 3269 2326 3336 ohannem
2420 3267 2679 3336 Osswe-

302 3369 687 3457 czinensem,
730 3373 935 3439 duces
990 3377 1061 3440 et
1106 3371 1395 3441 vasallos
1449 3377 1739 3458 nostros,
1785 3377 1982 3455 parte
2041 3391 2127 3442 ex
2186 3373 2423 3458 altera,
2477 3391 2682 3455 super

304 3475 496 3544 terris
562 3475 955 3545 Ratiboriae
1024 3481 1095 3544 et
1161 3476 1314 3543 aliis
1377 3475 1912 3560 possessionibus
1982 3481 2056 3545 et
2121 3476 2445 3562 dominiis
2511 3495 2683 3560 quae

303 3577 573 3648 illustris
642 3581 924 3665 Leszko‚
997 3580 1153 3648 olim
1215 3583 1351 3650 dux
1394 3581 1493 3664 R„
1557 3580 1871 3666 princeps
1934 3586 2006 3649 et
2066 3581 2365 3649 vasallus
2429 3586 2680 3668 noster,

302 3683 515 3752 tenuit
556 3690 633 3752 et
676 3686 995 3768 possedit,
1036 3690 1109 3751 et
1137 3702 1341 3769 super
1370 3687 1762 3768 quibusdam
1792 3685 2120 3770 dominiiS,
2149 3685 2682 3770 possessionibus

304 3792 376 3854 et
400 3788 654 3858 iuribus
676 3791 970 3874 suborta,
1001 3807 1083 3858 ac
1113 3808 1317 3874 super
1345 3809 1444 3875 eo,
1476 3793 1650 3876 quod
1681 3790 1847 3858 dicti
1877 3791 2080 3860 duces
2111 3789 2326 3875 ipsum
2353 3791 2683 3860 illustrem

303 3893 527 3962 ducem
584 3893 931 3962 Nicolaum
977 3912 1181 3977 super
1224 3894 1762 3979 possessionibus
1807 3899 1880 3962 ct
1923 3897 2148 3980 rebus,
2191 3911 2363 3978 quae
2407 3913 2451 3962 a
2493 3895 2685 3965 nobis

302 3994 369 4064 in
411 3995 605 4067 feudo
650 4003 843 4068 tenet
888 4005 961 4067 et
1003 3999 1222 4066 tenuit
1265 3999 1654 4085 praedictis,
1715 4017 1865 4067 cum
1907 4004 1981 4067 et
2021 3998 2154 4083 ipsi
2209 3999 2412 4068 duces
2472 4000 2688 4069 nostri

306 4099 548 4172 fuerint
592 4109 665 4171 et
708 4103 847 4172 sint
890 4103 1132 4174 vasalli
1179 4103 1591 4189 hereditarii,
1657 4123 1880 4173 coram
1925 4104 2118 4172 nobis
2163 4122 2294 4172 non
2338 4104 2485 4172 iure
2543 4103 2686 4174 feu-

313 4204 459 4292 dali,
498 4212 618 4277 sed
664 4209 885 4292 potius
928 4208 1287 4292 polonicali
1325 4209 1668 4280 conveniri
1699 4214 1770 4278 et
1799 4227 2022 4279 secum
2051 4207 2356 4278 iudiciali
2384 4211 2688 4282 examine

311 4313 591 4394 experiri
650 4315 1178 4383 contendebant:
1242 4314 1495 4382 talibus
1541 4319 1613 4383 et
1677 4311 2132 4384 consimilibus
2192 4313 2690 4384 discriminibus

411 4449 555 4493 Codex
581 4453 663 4503 jur.
702 4453 798 4495 boh.
826 4453 880 4495 11.
922 4459 957 4496 1.
2435 4441 2493 4495 1]
