3288 4973
1365 387 1754 449 —127—

332 588 521 664 quod
574 588 755 656 idem
802 588 1103 656 dominus
1150 609 1270 656 rex
1312 589 1631 658 Poloniae
1679 590 1928 658 eisdem
1961 589 2240 658 dominis
2274 589 2414 672 regi
2445 591 2756 657 Boemiae

338 695 410 756 et
456 692 847 761 marchioni
890 695 1237 762 Moraviae
1285 696 1530 778 optime
1576 695 1765 764 favet
1809 699 1892 762 de
1939 695 2114 762 omni
2160 695 2323 779 iure,
2367 696 2654 763 dominio
2687 702 2757 762 et

336 797 796 883 proprietate,
846 817 1015 880 quae
1063 801 1317 868 habent
1369 800 1479 868 vel
1524 819 1599 867 se
1643 801 1894 868 habere
1939 804 2255 867 asserunt
2299 799 2370 867 in
2431 801 2761 890 dominiis,

340 901 642 970 ducibus
687 908 758 969 et
800 905 1153 972 ducatibus
1214 905 1599 990 praedictiS,
1647 905 1960 988 ipsosque
2005 904 2184 972 nullo
2231 904 2419 970 modo
2467 921 2756 986 unquam

338 1007 657 1088 tempore
720 1008 1041 1091 impediet
1098 1028 1304 1093 super
1364 1009 1526 1093 ipsis
1588 1028 1714 1077 nec
1775 1011 1979 1078 duces
2041 1014 2162 1076 aut
2223 1011 2508 1077 ducatus
2569 1011 2752 1094 ipsos

344 1109 751 1196 vindicabit,
817 1113 1095 1196 impetet
1161 1115 1271 1184 vel
1316 1121 1613 1182 assumet
1680 1114 1752 1182 iu
1813 1114 2293 1198 praeiudicium
2343 1115 2752 1182 dominorum

344 1217 847 1296 praedictorum
895 1219 1075 1305 regis
1123 1225 1193 1286 et
1240 1221 1639 1288 marchionis
1673 1227 1744 1286 et
1775 1221 2092 1287 heredum
2123 1239 2409 1304 suorum,
2441 1221 2750 1302 ipsosque

342 1337 557 1402 super
602 1323 853 1390 eisdem
897 1324 969 1390 in
1014 1325 1193 1391 nullo
1243 1326 1509 1407 penitus
1557 1344 1681 1408 per
1725 1344 1798 1392 se
1845 1325 1953 1391 vel
1985 1326 2273 1392 heredes
2305 1331 2462 1391 suos
2492 1324 2744 1406 aliqua·

340 1421 510 1492 liter
550 1425 955 1512 molestabit,
987 1447 1268 1512 poenam
1300 1436 1372 1497 et
1402 1430 1841 1499 severitatem
1872 1429 2569 1497 excommunicationis
2603 1429 2747 1512 ipso

342 1525 545 1614 facto,
591 1530 651 1598 si
698 1535 1217 1618 contravenerit,
1263 1535 1670 1603 incursurus
1743 1535 2030 1618 Insuper
2087 1553 2206 1616 pro
2267 1535 2414 1616 ipso
2479 1533 2743 1600 domino

351 1651 511 1718 rege
561 1635 879 1704 Poloniae
926 1643 999 1706 et
1042 1639 1181 1704 suis
1212 1637 1572 1708 heredibus
1618 1639 1796 1707 omni
1827 1637 2094 1721 actioni,
2125 1639 2524 1723 exceptioni,
2558 1658 2744 1720 prae-

350 1738 703 1821 scriptioni
748 1749 819 1808 et
863 1743 1265 1825 oppositioni
1312 1743 1495 1827 iuris,
1557 1743 2058 1810 consuetudinis
2119 1748 2240 1809 aut
2299 1744 2498 1809 etiam
2559 1743 2746 1826 facti,

352 1843 412 1910 si
429 1862 601 1924 quae
617 1853 737 1912 aut
752 1848 1020 1932 aliquod
1037 1867 1259 1916 eorum
1275 1849 1439 1931 ipsis
1456 1849 1717 1916 domino
1743 1849 1888 1934 regi
1911 1847 2225 1916 Poloniae
2245 1852 2365 1914 aut
2382 1848 2740 1915 heredibus

352 1949 489 2014 suis
510 1950 581 2016 in
604 1953 1011 2036 saepedictis
1036 1953 1359 2036 dominiiS,
1382 1953 1664 2020 ducibus
1690 1956 1810 2020 aut
1833 1953 2186 2020 ducatibus
2207 1970 2432 2019 eorum
2469 1959 2745 2034 possent

356 2050 738 2134 aliqualiter
760 2057 1115 2142 suffragari
1140 2061 1261 2124 aut
1285 2063 1663 2141 competere
1689 2056 1988 2138 quolibet
2011 2059 2201 2123 modo
2226 2057 2296 2123 in
2322 2057 2588 2140 eisdem,
2614 2075 2744 2124 non

354 2160 773 2228 obstantibus
790 2162 1123 2243 aliquibus
1140 2161 1580 2244 munimentiS,
1598 2161 1866 2244 litteris,
1885 2159 2261 2244 scripturis,
2281 2162 2518 2246 pactiS,
2536 2162 2744 2244 pacti-

356 2263 603 2346 onibus,
650 2265 951 2350 statutis,
996 2265 1579 2334 reformationibus
1626 2271 1747 2332 aut
1791 2265 1942 2332 aliis
1987 2266 2394 2346 quibuslibet
2425 2267 2742 2334 ordinati-

358 2366 587 2435 onibus
626 2371 749 2436 sub
779 2387 1173 2452 quacunque
1204 2368 1415 2436 forma
1447 2373 1802 2438 verborum
1835 2370 2194 2454 conceptiS,
2225 2369 2428 2437 etiam
2474 2371 2534 2437 si
2579 2370 2746 2436 talia

357 2469 587 2557 forent,
620 2475 705 2541 de
748 2471 987 2555 quibus
1019 2478 1103 2541 de
1142 2477 1346 2543 verbo
1382 2477 1469 2543 ad
1515 2477 1792 2543 verbum
1839 2474 2196 2559 specialem
2243 2479 2314 2541 et
2358 2493 2744 2557 expressam

356 2582 689 2659 oporteret
719 2579 867 2645 fieri
896 2580 1313 2664 mentionem,
1346 2580 1583 2661 quibus
1617 2580 1915 2647 omnibus
1949 2584 2019 2647 et
2049 2579 2332 2664 singulis
2364 2586 2435 2646 et
2468 2579 2742 2646 cuilibet

356 2688 579 2749 eorum
608 2702 693 2749 ex
729 2689 917 2749 certa
948 2689 1181 2751 nostra
1212 2684 1497 2751 scientia
1529 2702 1680 2751 esse
1715 2689 1785 2751 et
1815 2682 2106 2767 intelligi
2138 2684 2438 2751 volumus
2471 2684 2740 2766 penitus

350 2788 747 2872 derogatum.
807 2788 1286 2856 Promittentes
1348 2791 1470 2855 sub
1534 2788 1690 2855 fidei
1746 2788 2074 2871 praestito
2121 2789 2510 2871 iuramento,
2558 2790 2733 2869 quod

354 2910 545 2974 saepe
569 2892 751 2959 fatus
770 2893 1067 2960 dominus
1089 2912 1208 2960 rex
1230 2892 1544 2959 Poloniae
1570 2893 1940 2974 praemissa
1964 2891 2180 2959 omnia
2201 2898 2270 2958 et
2289 2892 2552 2977 singula
2580 2894 2737 2960 hinc

354 2996 523 3063 intra
584 2995 828 3070 festum
875 2998 935 3063 b.
984 2996 1167 3065 Galli
1212 2996 1574 3079 proximum
1631 2995 1998 3063 ratificabit
2040 3014 2120 3062 ac
2167 2996 2304 3063 suis
2350 2997 2736 3079 patentibus

352 3101 747 3183 approbabit
774 3100 1043 3185 litteris,
1075 3106 1422 3185 grataque,
1456 3105 1607 3183 rata
1632 3104 1704 3166 et
1725 3100 1912 3167 firma
1937 3120 2058 3183 per
2082 3100 2298 3167 omnia
2330 3102 2736 3168 observabit.

544 3206 629 3272 In
674 3223 948 3287 quorum
992 3204 1281 3272 omnium
1341 3204 1790 3272 testimonium
1839 3208 2042 3284 atque
2089 3206 2292 3271 robur
2336 3210 2731 3289 praesentes

347 3310 670 3377 conscribi
702 3314 771 3376 et
802 3314 1181 3377 nostrorum
1204 3308 1571 3392 sigillorum
1606 3308 1998 3390 patrociniis
2029 3307 2308 3377 fecimus
2332 3310 2733 3376 communiri.

541 3414 788 3481 Datum
836 3419 906 3479 et
951 3418 1174 3480 actum
1218 3412 1285 3479 in
1332 3411 1688 3479 Treucinio
1737 3430 1910 3479 anno
1955 3417 2027 3479 et
2072 3412 2180 3478 die
2243 3432 2446 3495 supra
2507 3414 2726 3481 dictis,

540 3517 879 3606 (Ludewiq
923 3516 1060 3584 Καὶ.
1114 3517 1181 3584 V.
1228 3554 1306 3565 —-
1353 3514 1824 3603 Sommeraberq
1870 3513 2011 3586 Ser.
2055 3538 2109 3585 r.
2153 3514 2276 3586 Sic.
2312 3518 2362 3585 Ι.
2395 3554 2478 3568 -
2511 3516 2734 3605 Chytil

352 3620 477 3691 VII.
528 3624 633 3689 56.
680 3658 759 3671 -
806 3620 970 3691 Eml.
1016 3619 1127 3689 IV.
1174 3620 1353 3708 195.)

537 3800 693 3865 115.
740 3793 1320 3865 confoederatio
1366 3796 1593 3881 atque
1622 3793 1806 3863 unio
1839 3793 2041 3864 inter
2073 3793 2424 3863 Carolum
2457 3813 2716 3882 regem

340 3900 769 3988 Hungariae
814 3904 891 3969 et
934 3898 1304 3970 ‚Ioannem
1357 3917 1619 3984 regem
1679 3896 2054 3984 Boemiae,
2118 3898 2470 3969 Carolum
2531 3919 2720 3970 mar-

337 4004 671 4075 chionem
718 4008 796 4074 et
841 4004 1209 4075 Joannem
1256 4004 1697 4075 Cal-inthiae
1743 4004 2006 4073 ducem
2053 4004 2506 4075 instaurata.

1251 4128 1446 4212 1335,
1492 4130 1557 4196 3.
1608 4126 1812 4214 Sept.

539 4250 677 4317 Nos
723 4250 1018 4333 Carolus,
1080 4250 1162 4315 D.
1209 4268 1305 4333 gr.
1351 4266 1471 4314 rex
1516 4247 1927 4332 Hungariae,
1985 4247 2339 4314 memoriae
2401 4266 2722 4315 commen-

344 4356 571 4421 dantes
589 4360 823 4421 tenore
842 4353 1293 4438 praesentium
1314 4353 1783 4438 significamus
1805 4352 2043 4431 quibus
2064 4351 2354 4434 expedit,
2370 4352 2722 4437 universiS,
