3288 4973
1408 437 1791 498 -271—

384 638 689 721 episcopi
736 642 975 706 dextra
1021 640 1347 721 laevaque
1379 640 1740 706 honorifice
1775 640 2012 721 parati,
2047 639 2372 706 habentes
2404 646 2784 706 sanctorum

388 743 713 822 reliquias
754 745 919 810 collo
954 747 1341 826 pendentes,
1372 765 1413 810 a
1445 743 1633 809 cuius
1671 745 1880 810 latere
1914 763 2044 810 uon
2078 744 2427 810 discedant
2459 763 2668 824 usque
2699 747 2786 810 ad

386 851 625 928 tinem3
675 851 923 914 ducant
970 869 1115 914 eum
1164 853 1233 914 in
1280 849 1561 914 medium
1608 849 1934 915 ecclesiae
1995 855 2153 915 ante
2213 851 2430 915 altare
2495 848 2786 915 Sanctae

384 953 647 1033 UruciS,
694 953 1195 1035 archiepiscopo
1244 959 1315 1018 et
1360 953 1786 1035 processione
1835 954 2409 1035 praecedentibus.

600 1057 791 1122 Inter
834 1057 1407 1138 archiepiscopum
1452 1064 1523 1121 et
1572 1057 1936 1139 principem
1985 1060 2066 1124 de
2115 1059 2403 1123 thalamo
2459 1065 2780 1124 exeuntes

378 1161 699 1226 ordinate
748 1163 1113 1242 procedant
1160 1161 1497 1242 principes
1539 1168 1610 1226 et
1642 1163 1946 1244 baroneS,
1979 1161 2267 1243 insignia
2300 1161 2570 1242 regalia,
2603 1161 2783 1228 vide-

376 1263 543 1328 licet
572 1284 901 1334 coronam.
938 1273 1293 1346 sceptrum,
1328 1284 1606 1347 pomum,
1638 1267 1926 1350 gladium
1961 1274 2030 1331 et
2069 1269 2342 1331 caetera
2381 1265 2786 1362 deferentes²

376 1387 553 1449 quos
599 1367 1009 1435 camerarius
1056 1369 1245 1452 regni
1294 1370 1605 1436 Boemiae
1644 1369 1940 1436 baccello
1971 1369 2070 1434 eis
2104 1369 2280 1435 viam
2311 1387 2559 1450 parans
2593 1389 2779 1452 prae-

373 1476 595 1540 cedet
664 1475 849 1557 Quae
910 1473 1201 1556 insignia
1248 1473 1465 1541 omnia
1512 1475 1580 1540 111
1626 1474 1828 1540 altari
1872 1475 2089 1539 sancti
2137 1474 2294 1554 Viti,
2342 1492 2486 1540 cum
2535 1475 2778 1542 ibidem

377 1579 837 1659 pervenirem,
882 1579 1241 1644 honorifice
1289 1586 1635 1659 reponant.

593 1682 948 1749 Processio
1012 1691 1235 1750 autem
1307 1683 1437 1748 erit
1496 1703 1535 1748 a
1598 1681 1890 1749 thalamo
1949 1683 2079 1748 iam
2143 1681 2326 1747 dicto
2389 1699 2510 1764 per
2569 1683 2776 1750 salam

372 1787 633 1868 regiam
682 1790 985 1854 exeundo
1034 1805 1155 1870 per
1200 1795 1473 1870 portam,
1522 1805 1692 1866 quae
1740 1786 2018 1868 respicit
2064 1793 2365 1852 sanctum
2399 1787 2782 1878 Georgium,

368 1899 453 1956 et
521 1891 587 1956 in
657 1909 881 1956 00111111
946 1891 1237 1956 transitu
1298 1909 1535 1973 magua
1596 1909 1918 1972 campana
1978 1896 2268 1957 sonetur.
2332 1891 2492 1956 Cum
2553 1895 2773 1957 autem

366 1995 668 2061 exierint
714 1997 796 2060 de
841 1997 1153 2078 thalamo,
1199 2013 1369 2060 unus
1417 2014 1499 2061 ex
1548 1994 1878 2078 episcopis
1941 1995 2220 2076 incipiat
2281 1995 2772 2075 responsorium

364 2101 581 2166 istud:
635 2099 850 2182 „Ecce
900 2137 981 2146 -
1029 2119 1185 2181 ergo
1233 2099 1402 2164 enim
1452 2097 1830 2164 Dominus.“

584 2205 731 2286 Quo
756 2205 939 2270 finito
958 2211 1028 2270 et
1052 2203 1353 2285 principe
1377 2204 1446 2268 in
1472 2203 1686 2268 medio
1713 2201 2225 2269 ecclesiae'ante
2246 2203 2459 2268 altare
2481 2203 2768 2268 Sanctae

361 2308 604 2374 Crucis
658 2317 1052 2373 reverenter
1098 2314 1377 2389 statute,
1434 2307 1702 2373 dicatur
1747 2327 1788 2371 a
1835 2305 2099 2372 clericis
2161 2308 2326 2372 haec
2373 2306 2764 2388 antiphona:

372 2412 759 2495 „Firmetur
804 2429 1035 2477 manus
1086 2449 1158 2458 -—
1194 2411 1432 2476 faciem
1472 2419 1670 2476 tuam.
1704 2411 2052 2495 Alleluja.“
2092 2411 2427 2477 Psalmus:
2471 2410 2768 2493 „Miseri-

366 2518 637 2583 cordias
686 2516 966 2582 Domini.
1016 2514 1245 2584 Gloria
1294 2516 1487 2598 patri.
1536 2517 1724 2583 Sicut
1773 2516 2018 2582 eratin
2054 2516 2396 2598 principio.
2429 2516 2768 2607 Eirmetur

366 2640 605 2687 manus
652 2628 788 2685 tua.
836 2620 1231 2703 (IterandO.)
1282 2618 1423 2703 Quo
1471 2620 1658 2685 finito
1703 2639 1868 2685 unus
1903 2639 1984 2685 ex
2018 2620 2348 2702 episcopis
2383 2620 2562 2688 dicat
2595 2622 2765 2687 hanc

367 2726 766 2793 orationem:
794 2724 1017 2807 „Deus
1034 2726 1144 2805 qui
1164 2726 1297 2790 scis
1329 2762 1395 2771 -
1418 2724 1644 2790 valeat
1662 2733 1732 2789 et
1749 2726 2084 2805 prodesse.
2105 2725 2234 2790 Per
2251 2724 2600 2790 Dominum
2629 2777 2642 2792 .
2671 2776 2686 2793 .
2709 2730 2761 2791 .“

580 2830 765 2894 Tunc
835 2828 1145 2910 princeps
1219 2829 1516 2894 adoratis
1592 2828 1891 2908 reliquiis
1965 2835 2346 2895 sanctorum
2421 2828 2488 2893 in
2565 2828 2766 2896 altari

368 2934 662 3000 Sanctae
710 2934 941 3000 Crucis
992 2933 1246 3015 positis,
1294 2950 1437 2999 011111
1473 2933 1900 3014 processione
1931 2940 2089 2999 ante
2123 2934 2336 2998 altare
2371 2935 2592 2999 sancti
2625 2934 2768 3001 Viti

366 3041 738 3104 deducatur
784 3044 855 3103 et
902 3036 995 3103 ibi
1042 3056 1245 3117 super
1291 3039 1448 3102 sede
1500 3037 1821 3120 regaliter
1868 3045 2268 3118 praeparata
2316 3046 2652 3119 prostrato
2695 3048 2763 3105 et

366 3143 517 3207 aliis
567 3141 996 3224 principibus,
1044 3141 1375 3222 episcopis
1424 3148 1491 3207 et
1523 3141 1846 3222 praelatis
1880 3140 1947 3206 in
1977 3141 2118 3205 suis
2152 3140 2421 3207 sedibus
2457 3141 2761 3209 similiter

366 3247 688 3313 decenter
755 3246 1177 3327 praeparatis
1250 3246 1654 3327 constitutis,
1723 3263 1892 3311 unus
1956 3245 2414 3326 episcoporum
2479 3246 2758 3329 incipiat

367 3352 719 3432 psalmum:
758 3351 1138 3431 „Exaudiat
1168 3358 1241 3416 te
1272 3402 1285 3415 .
1320 3401 1333 3413 .
1368 3354 1417 3414 .“
1461 3350 1607 3432 Quo
1639 3350 1825 3416 finito
1859 3350 2041 3415 dicat
2071 3352 2378 3416 verbum:
2417 3350 2758 3435 „Domine,

368 3457 621 3522 salvum
668 3454 775 3521 fac
822 3472 1063 3536 regem.
1112 3455 1312 3534 DeuS,
1361 3454 1700 3519 humilium
1757 3452 2122 3534 institutor,
2184 3454 2296 3533 qui
2356 3472 2474 3519 nos
2523 3456 2752 3522 Sancti

368 3562 659 3643 Spiritus
706 3560 1157 3626 illustratione
1190 3558 1571 3641 consolaris,
1612 3561 1976 3639 praetende
2011 3576 2214 3638 super
2244 3559 2417 3624 hunc
2447 3558 2754 3626 famulum

366 3676 545 3731 tuum
594 3666 671 3731 N.
720 3664 1003 3747 gratiam
1051 3670 1251 3745 tuam,
1300 3670 1371 3728 ut
1417 3684 1537 3745 per
1582 3682 1730 3729 011111
1781 3671 1964 3728 tuum
2012 3663 2077 3727 111
2113 3661 2302 3727 nobis
2334 3664 2572 3729 adesse
2605 3683 2753 3729 seu-

368 3772 604 3837 tiamus
630 3772 1007 3837 adventum.
1034 3770 1165 3834 Per
1198 3767 1415 3834 omnia
1450 3820 1460 3831 .
1494 3820 1507 3833 .
1540 3770 1593 3833 .“
1632 3768 1822 3832 Alius
1857 3767 2242 3849 episcopus:
2280 3768 2752 3849 „Omnipotens

368 3914 446 3923 —
492 3880 843 3941 mereatur.
891 3874 1023 3939 Per
1070 3872 1403 3938 Christum
1436 3925 1448 3939 .
1487 3924 1498 3936 .
1531 3876 1586 3937 .“

570 3980 715 4045 Hoc
758 3978 939 4045 facto
986 3980 1103 4043 fiat
1149 3995 1361 4043 sermo
1410 3977 1495 4041 ad
1545 3977 1790 4041 clerum
1841 3984 1910 4041 et
1955 3977 2130 4043 alter
2175 3979 2258 4043 ad
2291 3978 2598 4059 1101111111111
2629 3982 2752 4044 sub

372 4086 591 4149 eodem
640 4090 957 4164 tempore,
1005 4083 1318 4147 breviter.

566 4188 814 4253 Postea
860 4185 1409 4268 metropolitanus
1460 4184 1773 4250 mediocri
1829 4185 2282 4266 distinctaque
2347 4205 2508 4253 voce
2571 4189 2745 4270 prin-

367 4292 567 4374 cipem
594 4294 994 4374 interroget:
1026 4291 1182 4373 „Vis
1209 4300 1511 4356 sanctam
1536 4292 1728 4356 fidem
1763 4309 1804 4354 a
1833 4290 2194 4355 katholicis
2228 4290 2392 4357 viris
2425 4294 2742 4358 traditam

366 4402 587 4462 tenere
622 4404 693 4461 et
725 4398 1033 4477 operibus
1068 4395 1263 4460 iustis
1300 4396 1555 4460 servire
1577 4394 1647 4459 ‘?“
1701 4396 2163 4477 Respondeat:
2217 4394 2478 4477 „Volo.“
2531 4397 2744 4464 Inter-
