3288 4973
1376 420 1766 480 -197—

377 624 486 685 aut
528 621 707 687 infra
753 623 1029 688 eundem
1076 640 1207 688 non
1254 622 1583 705 dederint,
1617 625 1691 687 ut
1723 626 1828 687 est
1859 622 2124 703 dict-um,
2165 624 2323 687 tunc
2355 620 2636 701 amplius
2669 623 2758 686 ad

378 728 775 792 reddendum
825 726 922 793 eis
968 728 1245 793 eandem
1292 726 1654 809 civitatem,
1717 733 2006 792 castrum
2055 730 2124 789 et
2170 724 2550 790 districtum
2613 744 2756 791 cum

377 848 592 895 eorum
638 830 986 912 appendiis
1032 850 1163 897 non
1210 851 1429 898 sumus
1476 830 1968 912 quomodolibet
2011 828 2303 911 obligati.

576 938 832 1003 Harum
878 935 1257 1003 testimonio
1306 987 1318 1002 .
1366 988 1379 1003 .
1426 988 1439 1001 .

574 1060 821 1125 Datum
868 1058 1163 1125 Budesin
1208 1058 1273 1124 in
1322 1059 1429 1124 die
1476 1062 1534 1124 b.
1585 1056 2078 1123 Bai-tholomaei
2125 1075 2182 1123 a.
2229 1056 2308 1121 D.
2362 1062 2543 1123 1339.

578 1178 827 1267 (Chytil
880 1178 1014 1248 VII.
1060 1181 1203 1249 249.
1252 1216 1337 1229 --
1383 1178 1774 1265 Granhaqen
1820 1177 1872 1245 I.
1902 1178 2047 1245 314.
2077 1214 2166 1227 -
2195 1175 2409 1242 Emlor
2439 1176 2484 1241 I
2487 1174 2548 1245 V.
2582 1176 2756 1260 732.)

572 1374 723 1439 177.
751 1370 1149 1439 Βο105111110
1180 1370 1333 1439 «lux
1371 1368 1868 1456 Loguieeusis
1905 1369 2293 1455 ipsiusque
2329 1366 2470 1435 filii
2496 1388 2538 1435 a
2569 1386 2750 1451 rege

374 1475 413 1543 J
424 1496 659 1545 01111110
675 1474 1183 1545 instituuntur
1194 1473 1574 1560 capitanei
1592 1473 1938 1544 civitatis
1951 1478 2024 1542 et
2039 1476 2290 1542 terrac
2305 1474 2362 1541 (i
2373 1470 2751 1557 logoviae.

1186 1600 1377 1683 1339,
1424 1600 1533 1665 24.
1582 1597 1942 1685 Augusti.

572 1720 693 1807 (A.
760 1718 851 1789 K.
912 1758 999 1769 —-
1067 1717 1282 1805 Chytil
1360 1717 1461 1785 VI.
1530 1721 1677 1785 250.
1742 1754 1830 1767 --·
1893 1717 2286 1803 Grilnhaqen
2347 1716 2402 1783 I.
2471 1718 2599 1781 154
2667 1752 2753 1765 -

374 1826 581 1890 Emlcr
624 1826 736 1891 IV.
788 1826 959 1911 733.)
992 1892 1003 1904 ,

568 2021 719 2087 178.
768 2018 1101 2087 3011111100
1151 2036 1285 2084 rex
1320 2014 1700 2085 consentit
1745 2013 2208 2101 obligationi
2237 2012 2478 2083 castri
2522 2011 2746 2081 Adol-

374 2120 603 2191 burch
639 2142 775 2209 pel·
806 2119 1273 2193 Ludovicum
1306 2120 1519 2189 Rom.
1546 2120 1729 2206 Imp.
1755 2120 2150 2190 Friderico
2176 2120 2268 2189 «le
2295 2119 2438 2188 Aw
2465 2118 2747 2186 010011-

372 2226 548 2296 rudo
592 2226 1143 2297 Zinczenliofer
1186 2225 1453 2294 factae.

1027 2350 1221 2432 1341,
1267 2351 1375 2415 24.
1424 2346 1646 2416 Febr.
1695 2344 2088 2433 (Menace).

570 2469 655 2525 Na
690 2472 886 2526 zemek
922 2468 1193 2540 Ambus-k,
1230 2470 1433 2526 kterak
1478 2469 1569 2537 byl
1607 2476 1896 2525 zaetaven.

566 2575 686 2662 (A.
734 2575 827 2646 K.
876 2615 961 2624 -
1006 2574 1220 2640 Emzer
1262 2573 1374 2646 JV.
1420 2576 1568 2642 875.
1614 2611 1699 2624 -
1749 2575 1858 2643 Ch.
1904 2595 1965 2642 η.
2010 2574 2186 2660 163.)

564 2789 713 2856 179.
780 2786 1025 2865 Jesco,
1088 2785 1294 2854 filius
1356 2783 1648 2854 Nicolai
1705 2785 1796 2852 (le
1843 2783 2310 2869 Botenstcin‚
2361 2782 2746 2853 renuntiat

374 2891 633 2978 oppido
680 2889 1056 2960 Choczien
1104 2892 1180 2958 et
1226 2888 1442 2959 villis
1504 2888 1600 2958 ad
1657 2890 1992 2958 castrum
2063 2887 2332 2957 Luticz
2403 2890 2741 2974 spectan-

374 2995 565 3066 tibus
611 2999 688 3066 et
735 2998 989 3066 castro
1038 2994 1227 3080 ipso.

1037 3119 1231 3204 1341,
1280 3119 1387 3186 12.
1433 3113 1637 3184 Maii.
1681 3115 2064 3203 (Pragae.)

561 3240 681 3323 (A.
732 3239 826 3310 Κ.
874 3275 959 3288 --·
1003 3237 1222 3304 Emlor
1264 3237 1376 3306 IV.
1421 3239 1551 3302 916
1595 3277 1681 3286 —
1730 3237 1875 3308 Cod.
1908 3241 1966 3324 j.
2015 3236 2070 3306 b.
2115 3237 2198 3306 II.
2243 3239 2302 3323 3,
2348 3237 2479 3324 23.)

559 3452 709 3517 180.
780 3449 826 3518 J
833 3467 1115 3518 oannes
1178 3469 1313 3516 rex
1377 3447 1793 3535 privilegia
1854 3446 2199 3519 civitatis
2263 3447 2510 3534 Egrac
2571 3469 2737 3520 0011-

372 3547 657 3621 firmans
706 3552 915 3622 cives
964 3555 1041 3620 ct
1084 3550 1377 3621 incolas
1423 3551 1587 3642 ejus
1635 3551 2022 3622 consortio
2055 3551 2476 3621 incolarum
2511 3554 2737 3638 regni

375 3651 705 3726 Boemiae
752 3658 1159 3744 aggregat.

1228 3747 1421 3826 1341,
1468 3749 1574 3812 10.
1625 3743 1864 3812 Junii.

560 3863 907 3932 Johannes
966 3865 1045 3931 D.
1101 3888 1191 3948 gr.
1240 3867 1313 3932 B.
1374 3887 1494 3933 rex
1554 3888 1633 3933 ac
1695 3867 1770 3932 L.
1833 3887 2068 3948 comeS‚
2131 3871 2216 3934 ad
2282 3869 2738 3936 universorum

376 3969 656 4036 notitiam
736 3977 969 4036 tenore
1036 3973 1491 4053 praesentium
1560 3973 1857 4039 volumus
1935 3975 2302 4056 pervenire,
2379 3976 2551 4054 quod
2620 3993 2740 4039 nos

374 4071 505 4138 illos
570 4075 787 4156 gratia
850 4081 923 4141 et
983 4077 1215 4143 favore
1283 4077 1610 4159 singulari
1681 4095 1762 4142 ex
1828 4077 2063 4143 inuata
2128 4079 2318 4145 nobis
2388 4079 2742 4146 clementia

374 4179 651 4245 tenemur
718 4183 1049 4263 prosequi,
1126 4182 1236 4261 qui
1311 4202 1428 4262 pro
1508 4183 1756 4248 nostris
1829 4184 2180 4248 commodis
2249 4189 2316 4249 et
2379 4184 2739 4251 honoribus

374 4283 711 4360 grandibus
760 4291 833 4350 et
861 4285 1337 4368 multiplicibus
1374 4287 1689 4368 periculis
1726 4305 1798 4352 se
1832 4306 2164 4368 exponere
2195 4308 2326 4355 non
2359 4289 2737 4356 formidant.

374 4386 517 4456 Cum
558 4389 763 4478 igitur
810 4392 993 4461 cives
1041 4400 1113 4458 et
1157 4391 1413 4460 incolae
1464 4393 1764 4460 civitatis
1831 4393 2174 4478 Egi-ensis,
2234 4394 2463 4462 fideles
2525 4397 2738 4465 nostri
