3288 4973
1350 380 1740 453 --111-ὁ

342 591 683 661 attendere
732 600 803 661 et
848 596 1184 662 custodire
1227 596 1672 678 promittimus
1721 601 1789 661 et
1822 595 2100 662 firmiter
2132 616 2210 661 ac
2243 586 2727 662 inviolabiliter

346 702 717 768 observare.

536 804 617 869 In
664 804 850 886 cujus
896 805 997 870 rei
1044 810 1279 887 gestae
1326 806 1705 872 memoriam
1753 809 2050 871 nostrum
2082 804 2371 888 sigillum
2406 822 2727 887 praesen-

346 907 515 974 tibus
563 908 869 975 duximus
915 910 1441 991 appendendum.

536 1040 789 1105 Datum
809 1044 885 1104 ut
908 1060 1129 1123 supra,
1155 1040 1223 1106 in
1252 1041 1624 1124 Wisegrad,
1643 1042 1972 1107 dominica
1993 1040 2342 1109 invocavit
2365 1060 2420 1105 a.
2449 1040 2518 1103 Ι).
2542 1042 2725 1105 1338.

535 1168 848 1255 (Goldast
892 1168 1071 1254 App.
1118 1194 1176 1235 11.
1224 1173 1324 1235 28.
1369 1209 1456 1219 —-
1503 1168 1688 1255 Clzyt.
1747 1170 1848 1237 VI.
1895 1170 2069 1257 187.)

536 1362 688 1427 156.
738 1357 1074 1429 ‚Ioannes
1121 1378 1257 1427 rex
1307 1361 1781 1429 contractum
1825 1358 2026 1429 inter
2059 1357 2320 1427 dulcem
2355 1358 2404 1428 J
2408 1378 2722 1429 oannem

336 1482 416 1531 ac-
480 1465 766 1533 fratres
831 1463 995 1553 ojus
1065 1462 1469 1533 Heni-icum
1536 1464 1627 1532 de
1688 1464 1942 1550 Sagen
2003 1466 2080 1534 ct
2145 1462 2566 1533 (¹onradnm
2629 1463 2720 1532 116

339 1568 629 1638 oisnitz
698 1588 930 1655 super
999 1566 1276 1637 ducatu
1348 1566 1844 1655 Stynaviensi
1912 1570 2105 1653 1327,
2167 1567 2290 1637 dic
2343 1570 2450 1636 ⁶27.
2516 1568 2714 1653 Aug.

346 1671 611 1741 initum
658 1672 1074 1741 confirmat.

1043 1786 1056 1795 ·
1190 1762 1382 1834 1338.
1430 1764 1537 1827 25.
1586 1756 1870 1827 Martii.

527 1890 877 1957 Johannes
942 1890 1019 1954 D.
1068 1908 1162 1971 gr.
1226 1890 1298 1954 B.
1365 1910 1482 1955 rex
1546 1897 1615 1955 et-
1677 1890 1750 1956 L.
1814 1910 2052 1973 comeS‚
2113 1890 2196 1955 ad
2259 1888 2714 1957 universorum

335 1996 637 2062 notitiam
654 1995 955 2060 volumus
974 1994 1347 2077 pervenire,
1368 1997 1559 2077 quod,
1578 2014 1967 2075 quamquam
1991 1993 2429 2079 benignitatis
2449 2000 2718 2061 nostrae

330 2103 507 2185 regia
540 2100 869 2167 celsitudo
905 2098 1251 2181 quoslibet,
1277 2119 1438 2179 quos
1464 2101 1672 2166 ambit
1695 2106 1990 2165 nostrum
2009 2098 2382 2181 dominium,
2402 2105 2712 2165 teneatur

326 2204 689 2271 dulcorosis
712 2202 1054 2269 favoribus
1080 2212 1150 2269 et
1174 2205 1480 2287 benignis
1518 2205 2038 2285 promotionibus
2071 2201 2455 2287 amplexari,
2481 2209 2705 2269 tamen

329 2310 591 2395 dignum
628 2309 893 2393 judicat
946 2312 1179 2373 nostra
1241 2310 1571 2376 serenitas
1634 2318 1704 2374 et
1765 2326 2125 2392 congruum
2189 2309 2578 2390 arbitratur,
2641 2314 2712 2371 ut

330 2432 649 2495 personas
696 2410 995 2479 sublimis
1042 2417 1281 2497 3161113,
1330 2432 1490 2494 quos
1525 2413 1873 2480 indefesse
1923 2413 2172 2478 nostris
2219 2410 2532 2477 insudare
2579 2410 2716 2477 offi-

329 2519 445 2584 ciis
490 2518 786 2584 fideliter
830 2517 1274 2600 cognovimus,
1322 2521 1407 2584 ad
1456 2521 1826 2601 augendum
1873 2518 2164 2599 ipsorum
2211 2517 2712 2583 commoditates

323 2623 691 2692 ferventius
756 2623 1065 2704 prosequi
1110 2625 1484 2689 debeamus.
1551 2625 1659 2689 Ad
1703 2625 1826 2689 hoc
1891 2624 2116 2706 utique
2175 2621 2711 2688 consideratione

326 2727 555 2794 habita
602 2735 673 2794 et
721 2733 1051 2808 respectu,
1100 2730 1269 2808 quod
1328 2728 1609 2794 illustris
1672 2729 2001 2810 princeps,
2047 2731 2107 2794 d.
2155 2728 2519 2807 Conradus,
2581 2727 2714 2792 dux

326 2832 585 2898 Sleziae
631 2837 702 2898 et
748 2832 1047 2898 dominus
1097 2833 1162 2897 in
1199 2833 1420 2910 Olsna,
1452 2833 1667 2899 fidelis
1701 2839 1930 2899 noster
1963 2832 2263 2913 dilectuS‚
2297 2833 2381 2896 ad
2414 2835 2712 2896 nostram

324 2937 595 3002 veniens
659 2935 1127 3018 praesentiam,
1190 2955 1305 3016 pro
1370 2955 1439 3001 36
1507 2941 1575 3001 et
1626 2939 1835 3003 fratre
1882 2956 2018 3018 suo,
2064 2939 2124 3001 d.
2171 2937 2486 3017 Hem-im,
2550 2938 2714 3001 duce

322 3039 569 3106 Slesiae
616 3047 686 3104 et
735 3038 993 3105 domino
1044 3040 1433 3122 &aganensss
1482 3040 1792 3106 similiter
1849 3041 2146 3122 principe
2213 3047 2460 3124 nostro,
2519 3041 2712 3105 nobis

321 3145 697 3210 exhibuerit
766 3143 1091 3223 quoddam
1164 3143 1583 3228 privilegium
1657 3146 1886 3210 fratris
1945 3147 2066 3228 sui,
2129 3145 2316 3209 ducis
2377 3145 2708 3210 Johannis

322 3250 698 3332 stynaviae,
747 3248 1094 3314 continens
1146 3253 1559 3313 contractum
1610 3249 1788 3314 inter
1835 3269 1946 3316 eos
1996 3249 2230 3314 initum
2278 3267 2478 3329 super
2511 3248 2708 3313 dictis

320 3353 517 3418 terris
563 3352 956 3434 Stynaviae‚
1003 3351 1190 3417 cuius
1240 3352 1577 3435 privilegii
1628 3360 1820 3418 tenor
1866 3355 2024 3418 talis
2063 3361 2198 3419 est:

520 3489 899 3578 (Comatae
932 3491 1122 3573 hujus
1166 3492 1597 3554 conventionis
1629 3511 1742 3556 scu
1774 3489 2158 3576 diplomatis
2191 3493 2340 3557 dati
2366 3491 2707 3554 Stinaviae

316 3619 373 3662 a.
402 3595 593 3679 1327,
610 3594 750 3679 fer.
782 3593 891 3664 IV.
920 3603 1073 3678 post
1105 3595 1271 3660 diem
1304 3593 1372 3661 S.
1413 3594 1906 3661 Bar-tholomaei
1935 3618 2042 3681 ap.
2077 3599 2207 3686 (27.
2239 3596 2436 3684 Any.)
2475 3595 2712 3680 leqitur

316 3701 493 3783 apud
534 3700 929 3784 Grii’nhaqen
981 3699 1028 3769 I,
1072 3700 1223 3780 147,
1270 3698 1387 3762 ubi
1428 3701 1652 3764 datum.
1701 3701 2063 3786 improprie
2099 3703 2397 3785 positum
2459 3710 2553 3764 est
2619 3699 2708 3764 ad

320 3827 549 3868 annum
596 3804 819 3888 1337.)

516 3941 836 4022 nobisque
908 3959 1049 4006 cum
1123 3941 1352 4008 humili
1423 3944 1778 4010 devotione
1839 3951 1907 4010 et
1966 3944 2288 4012 instantia
2371 3943 2700 4028 supplica-

318 4048 505 4129 verit,
548 4053 883 4128 ‹litatenus
932 4046 1305 4127 praefatum
1356 4049 1772 4131 privilegium
1825 4058 1892 4114 et
1939 4057 2352 4116 contractum
2417 4051 2698 4118 venditi-

320 4156 459 4218 onis
504 4153 679 4218 inter
728 4152 909 4232 ipsos
956 4151 1188 4215 initum
1239 4161 1307 4216 et
1354 4153 1620 4235 factum,
1667 4155 1835 4236 ideo,
1900 4159 2075 4235 quod
2137 4157 2354 4222 dictus
2419 4157 2698 4220 ducatus

318 4276 355 4319 a
398 4257 581 4322 nobis
628 4257 693 4321 in
742 4254 1009 4320 feudum
1057 4258 1391 4336 dependet
1440 4266 1503 4320 61
1554 4261 1729 4336 quod
1778 4261 2018 4324 adhoc
2053 4263 2434 4326 necessario
2469 4265 2702 4326 noster

322 4360 689 4440 requiratur
764 4378 1147 4442 601136113113,
1224 4364 1612 4427 confirmare
1685 4373 1754 4429 et
1823 4369 2193 4446 approbare
2271 4367 2716 4448 dignaremur„

415 4497 559 4539 Codex
606 4498 687 4548 jnr.
726 4497 825 4540 boh.
854 4498 909 4540 Π.
947 4503 981 4539 1.
2439 4491 2500 4542 12
