3288 4973
1346 390 1736 463 ——211-

554 601 704 671 196.
768 596 1103 673 Joannes
1172 599 1323 673 dux
1396 602 1688 674 Slesiae
1756 607 1830 673 et
1899 600 2246 674 dominus
2317 596 2730 688 Stinaviae‚

330 702 649 793 jubente
739 708 1033 778 ‚Ioanne
1124 728 1307 795 rege
1395 708 1778 795 promittit
1865 707 2061 778 nulli
2175 708 2402 778 alteri
2507 727 2729 796 quam

345 809 624 879 Cal-olo
726 811 890 901 eius
1008 812 1515 900 primogenito
1620 834 1704 881 sc
1809 811 2209 882 fide-litatis
2301 812 2735 899 homagium

343 915 921 999 praestiturum.

1180 1006 1375 1089 1341,
1421 1008 1487 1073 2.
1529 1004 1906 1073 Octobris,

556 1143 696 1209 Nos
744 1145 1085 1211 Johannes
1135 1144 1211 1210 D.
1258 1166 1351 1227 gr.
1399 1148 1533 1213 dux
1582 1146 1840 1212 sleziae
1890 1154 1958 1211 et
2005 1147 2304 1214 dominus
2349 1143 2738 1227 Stynauiae‚

340 1248 886 1330 recognoscimus
952 1268 1073 1331 pro
1118 1250 1308 1316 nobis
1357 1256 1426 1316 et
1474 1251 1724 1316 nostris
1771 1251 2144 1334 heredibus.
2207 1252 2381 1331 quod
2443 1248 2736 1330 receptis

341 1352 756 1419 serenissimi
802 1354 1121 1435 principis
1168 1354 1413 1419 domini
1460 1356 1676 1420 nostri
1724 1356 2072 1437 carissimi,
2119 1354 2364 1421 domini
2405 1354 2737 1420 Johannis

340 1457 529 1538 regis
565 1455 891 1539 Boemiae‚
922 1458 1310 1540 patentibus
1343 1458 1611 1539 litteris,
1659 1459 1724 1524 in
1759 1460 1996 1539 quibus
2027 1458 2218 1525 nobis
2251 1458 2530 1525 firmiter
2563 1476 2736 1523 man-

344 1560 559 1642 davit,
605 1579 725 1626 nos
772 1564 894 1627 sub
943 1564 1167 1629 debito
1215 1562 1571 1628 iuramenti
1617 1562 1829 1639 nostri
1877 1562 2006 1629 sibi
2053 1562 2367 1643 praestiti
2417 1561 2742 1629 seriosius

344 1666 772 1749 requirendo,
819 1671 895 1733 ut
941 1668 1169 1733 statim
1218 1666 1379 1733 visis
1427 1666 1792 1749 praedictis
1856 1667 1996 1733 suis
2057 1666 2325 1749 litteriS,
2385 1667 2734 1751 magnifico

344 1768 639 1852 principi
684 1771 943 1836 domino
991 1769 1239 1836 Karolo
1288 1770 1495 1863 ipsius
1545 1773 1605 1835 d.
1651 1770 1830 1853 regis
1877 1770 2336 1855 primogenitO,
2376 1770 2744 1837 marchioni

348 1874 717 1954 Morauiae,
780 1881 849 1941 et
908 1875 1045 1941 suis
1107 1876 1483 1959 heredibus
1545 1875 1688 1957 ipso
1747 1894 1876 1942 non
1937 1876 2288 1959 existente,
2352 1876 2742 1958 promissum

346 1976 580 2044 facere
628 1980 1001 2063 debeamus
1066 1982 1134 2046 in
1180 1998 1326 2046 eum
1373 1997 1616 2060 casum,
1685 1982 1856 2059 qnod
1904 1980 1960 2045 si
2007 1978 2208 2065 (quod
2255 1980 2464 2065 absit)
2528 1980 2740 2062 ipsum

349 2086 410 2150 d.
458 2088 759 2149 nostrum
805 2102 1027 2167 regem
1075 2085 1487 2166 praedictum
1533 2084 1861 2151 decedere
1908 2084 2266 2167 contigerit
2297 2086 2380 2151 ab
2414 2084 2538 2151 hac
2578 2084 2740 2161 vita,

350 2191 530 2268 quod
576 2194 735 2254 tunc
785 2189 1193 2271 praedictum
1241 2188 1570 2256 dominum
1611 2189 1932 2273 (larolum,
1966 2194 2036 2254 et
2067 2208 2196 2255 non
2229 2188 2448 2271 alium,
2481 2190 2742 2255 ratione

352 2293 919 2375 primogeniturae
967 2312 1146 2374 suae,
1183 2299 1254 2359 et
1283 2295 1429 2376 ipso
1461 2312 1591 2359 non
1621 2292 1953 2360 existente
1987 2312 2142 2360 suos
2175 2294 2460 2359 heredes
2489 2296 2737 2360 habere

354 2399 719 2463 debeamus
764 2417 882 2480 pro
928 2400 1179 2465 nostris
1226 2398 1509 2464 dominis
1556 2398 1975 2464 naturalibus
2010 2404 2079 2463 et
2111 2396 2478 2481 legittimis‚
2511 2399 2740 2481 eisque

354 2511 605 2570 extunc
671 2504 1017 2572 fidelitatis
1063 2504 1435 2589 homagium
1482 2511 1830 2585 praestare
1879 2503 2171 2570 debitum
2223 2509 2291 2569 et
2338 2510 2743 2569 consuetum.

356 2609 630 2690 Nosque
692 2609 867 2677 omni
932 2627 1029 2692 ea,
1099 2629 1230 2690 qua
1297 2611 1509 2691 decet,
1568 2610 1954 2676 reverentia
2014 2609 2344 2690 praedicti
2409 2610 2469 2674 d.
2531 2607 2741 2673 nostri

354 2713 539 2797 regis
586 2714 919 2780 mandatis
965 2720 1035 2780 et
1080 2713 1631 2795 requisitionibus
1675 2715 1865 2780 nobis
1905 2713 2124 2796 tactis
2165 2719 2239 2778 ut
2270 2712 2744 2796 praemittitur,

359 2819 727 2900 promptius
775 2818 1097 2902 inclinati,
1144 2821 1229 2886 ad
1278 2817 1494 2884 omnia
1540 2823 1611 2883 et
1659 2817 1918 2901 singula
1963 2817 2286 2900 facienda,
2320 2823 2516 2899 prout
2555 2837 2744 2900 supe-

359 2921 501 2988 rius
549 2929 708 2991 sunt
754 2943 1091 3006 expressa,
1142 2930 1437 3005 tempore
1476 2939 1547 2988 se
1581 2924 1665 2989 ad
1700 2923 1824 2988 hoc
1857 2921 2197 3006 offerente,
2229 2941 2348 2987 nos
2381 2927 2450 2988 et
2480 2927 2746 2989 nostros

364 3027 649 3094 heredes
694 3031 817 3094 sub
864 3033 1037 3096 bona
1083 3031 1315 3094 nostra
1360 3027 1489 3094 fide
1537 3027 1890 3094 sinceriter
1944 3027 2326 3110 obligamus,

579 3133 713 3200 Sub
761 3133 1140 3202 testimonio
1193 3185 1205 3198 .
1252 3186 1265 3200 .
1315 3185 1327 3198 .

576 3263 825 3330 Datum
870 3271 939 3331 et
968 3275 1187 3333 actum
1226 3267 1602 3333 Poznaniae
1634 3265 1802 3332 feria
1833 3266 1960 3331 III.
1991 3265 2288 3346 proxima
2320 3268 2472 3345 post
2502 3262 2742 3328 festum

367 3369 767 3437 Michahelis
813 3371 990 3437 arch.
1037 3373 1097 3438 b.
1142 3391 1201 3438 a.
1248 3371 1326 3437 D.
1377 3376 1559 3438 1341.

577 3501 801 3588 (Areh.
861 3499 931 3569 S.
1005 3501 1208 3569 Wenc.
1268 3539 1357 3551 —-
1420 3501 1741 3586 Ludewiq.
1801 3537 1885 3548 --
1953 3493 2175 3584 Chytil
2251 3495 2389 3563 VII.
2455 3497 2598 3566 361.
2668 3533 2752 3544 -—

357 3606 585 3671 Emler
630 3607 743 3672 IV.
790 3609 1004 3691 1015.)

573 3819 725 3887 197.
775 3815 1229 3886 Benedictus
1263 3835 1459 3903 papa
1490 3813 1664 3884 ΧΠ.
1699 3812 2046 3883 concedit
2077 3809 2358 3880 Joanni
2395 3808 2750 3896 episcopo

358 3921 769 4007 Pragensi‚
820 3925 904 3990 ut
942 3920 1293 3989 Carnium
1327 3922 1404 3988 ct
1435 3918 1834 4006 conjugem
1865 3917 2112 4004 ipsius
2147 3915 2504 3985 Blancam
2540 3913 2750 3982 inun-

358 4029 510 4113 gat
544 4029 627 4096 et
671 4031 982 4096 coronet
1026 4026 1106 4095 in
1155 4024 1481 4094 ecclesia
1528 4021 1950 4110 episcopali
1996 4020 2396 4108 Pragensi.

1182 4149 1375 4231 1341,
1422 4149 1529 4214 15.
1580 4144 1955 4214 Octobris..

580 4280 965 4347 Venerabili
1011 4279 1225 4362 fratri,
1288 4278 1597 4359 episcopo
1664 4276 2008 4360 Pragensi.
2057 4276 2282 4355 Nuper
2331 4276 2414 4338 ad
2461 4279 2756 4340 nost-rum

360 4387 507 4452 fide
551 4385 751 4468 digna
811 4384 1137 4450 relatione
1198 4382 1508 4465 pervenit
1568 4381 1881 4465 auditum,
1950 4383 2120 4460 quod
2193 4380 2622 4444 charissimus
2690 4378 2758 4443 in

2449 4500 2546 4554 14*
