3288 4973
1867 428 2255 490 —292—

1518 631 1690 699 ¹ostri
1714 631 2026 699 Boemiae
2058 637 2128 697 et
2161 629 2710 713 pertinentiarum
2746 629 3041 696 eiusdem
3065 644 3231 710 prae·

1518 755 1614 819 eS,
1660 737 1852 803 nobis
1898 737 2240 803 humiliter
2284 736 2766 819 supplicarunt,
2812 740 2889 800 ut
2936 734 3231 815 quasdam

1550 841 1688 907 divi
1720 841 2163 908 Romanorum
2204 842 2406 925 regiS,
2453 839 2990 922 praedecessoris
3024 834 3234 916 nostri,

1518 945 1855 1029 ambitus,
1901 965 2176 1027 quarum
2225 950 2419 1012 tenor
2467 951 2537 1011 et
2583 945 2795 1011 series
2843 944 3141 1023 sequitur
3177 939 3234 1003 in

1518 1205 1834 1290 &adolphi
1911 1205 2093 1274 Rom.
2174 1207 2345 1292 reqis
2426 1204 2577 1272 ado.
2652 1202 3019 1288 Exfordiae
3066 1201 3240 1277 1290,

1518 1315 1602 1375 ius
1653 1308 1909 1374 Codicis
1957 1321 2102 1379 tom.
2150 1311 2205 1376 I.
2251 1332 2310 1378 u.
2355 1311 2443 1375 84
2489 1308 2586 1376 lit.
2636 1308 2746 1393 A.)

1518 1487 1533 1535 5
1580 1469 1990 1537 auctoritate
2038 1469 2223 1551 regia
2269 1469 2714 1552 dignaremur.

1525 1676 1538 1690 .
1572 1676 1583 1688 .
1620 1675 1633 1690 .
1678 1625 1990 1691 momenti
2037 1623 2139 1708 (ut
2185 1625 2258 1688 in
2302 1621 2658 1710 diplomate
2700 1621 3158 1707 praecedenti).

1538 1832 1553 1847 .
1586 1834 1598 1847 .
1644 1781 2113 1863 applicandam
2158 1778 2260 1866 (ut
2306 1782 2376 1843 in
2407 1780 2764 1865 diplomate
2794 1776 3251 1864 praecedenti).

1528 1938 1810 2005 omnium
1854 1938 2308 2005 testimonium
2356 1944 2427 2004 et
2473 1939 2559 2005 ad
2606 1938 3081 2005 certitudinem
3130 1935 3256 2019 ple·

1518 2060 1565 2108 >s
1612 2042 1752 2109 fieri
1810 2043 2129 2125 Jussimus
2192 2050 2262 2109 et
2315 2050 2587 2110 nostrae
2636 2042 3010 2127 majestatis
3064 2036 3254 2123 sigilli

1518 2167 1587 2212 ri.

1518 2309 1725 2370 testes
1788 2311 1944 2370 sunt
1977 2356 1988 2369 .
2022 2356 2035 2370 .
2068 2356 2083 2371 .
2132 2303 2232 2389 (ut
2277 2305 2351 2367 in
2395 2304 2748 2389 diplomate
2797 2299 3262 2389 praecedenti)-

1518 2481 1637 2547 gae
1685 2482 1740 2530 a.
1788 2464 1867 2531 D.
1920 2467 2103 2545 1348,
2164 2463 2542 2531 Indictione
2599 2462 2829 2545 prima,
2901 2461 3043 2529 VH.
3099 2460 3260 2527 Idus

1518 2588 1551 2633 n
1599 2574 1974 2634 nostrorum
2021 2586 2192 2636 anno
2232 2571 2540 2637 secunde.

1529 2721 1724 2785 Arci.
1777 2721 1844 2786 S.
1908 2723 2114 2790 wenc.
2166 2762 2243 2773 -
2297 2699 2544 2788 Balbai
2586 2724 2771 2792 Mica.
2816 2724 2870 2792 ι.
2914 2746 2981 2809 p.
3029 2722 3165 2807 37.)

1518 2961 1652 3032 »lus
1737 2963 1889 3050 IV.,
1966 2963 2179 3034 Rom.
2272 2984 2411 3035 rex
2502 2964 2899 3035 confirmat
2960 2964 3260 3034 litteras

1518 3065 1704 3154 ·egis
1751 3066 1921 3137 ddo.
1971 3068 2369 3140 Erfordiae
2416 3074 2611 3154 1290,
2658 3074 2768 3139 25.
2802 3066 3262 3156 Septembris

1518 3192 1653 3240 one
1688 3172 2250 3261 principatuum
2276 3174 2823 3245 Wratislaviae
2849 3176 2928 3243 et
2952 3172 3262 3244 Sleziae.

1745 3316 1939 3400 1348,
1988 3316 2050 3382 7.
2098 3314 2420 3402 Aprilis.

1518 3478 1527 3523 l
1572 3467 1764 3537 Karla,
1819 3476 1884 3524 ze
1932 3470 2206 3526 Rudolfus
2259 3472 2381 3525 lmil
2432 3473 2640 3538 rimsky
2691 3472 2949 3539 povoleui
2999 3470 3151 3536 darii,
3201 3471 3263 3519 te

1518 3579 1520 3603 ι
1577 3556 1831 3622 poddava
1878 3573 1936 3611 se
1989 3558 2324 3613 Vacslavovi
2370 3559 2515 3612 krali
2568 3560 2827 3613 ceskemu
2877 3575 2911 3613 a
2959 3560 3054 3610 sve
3102 3557 3262 3623 pravo

1554 3793 1649 3856 gr.
1696 3774 1879 3839 Rom.
1925 3793 2046 3841 rex
2091 3794 2141 3840 S.
2189 3795 2244 3841 a.
2293 3781 2364 3841 et
2409 3775 2721 3842 Boemiae
2771 3794 2906 3842 rex.

1518 3895 1649 3943 iam
1704 3878 1805 3944 rei
1850 3880 2243 3945 memoriam.

1518 3981 1572 4046 di
1620 3989 1850 4048 nostro
1915 3982 2295 4067 benignitas
2362 3985 2544 4051 circa
2603 3984 2891 4050 fidelium
2955 3990 3026 4051 et
3078 3984 3256 4048 devo·

1552 4086 1836 4152 honores
1865 4093 1933 4153 et
1968 4091 2304 4154 commoda
2337 4088 2671 4155 continuis
2723 4090 2985 4154 intenta
3015 4084 3264 4177 vigiliiS‚

1518 4209 1732 4256 ‚nuere
1757 4189 2011 4272 jugiter
2044 4212 2162 4258 nos
2199 4193 2470 4277 inducit,
2521 4193 2830 4273 quotiens
2878 4192 3261 4274 poscentium

1518 4296 1629 4360 hoc
1667 4296 1837 4360 enim
1863 4296 2295 4364 liberalitatis
2323 4305 2595 4364 nostrae
2619 4316 2750 4364 non
2775 4305 2958 4363 errat
2981 4294 3260 4369 intentio,

1518 4398 1605 4463 tri
1669 4399 2016 4482 fastigium
2078 4402 2400 4467 extollere
2459 4402 2824 4469 salubriter
2894 4401 3255 4467 arbitratur.
