3288 4973
1392 420 1782 483 —201--

378 624 679 704 excluso,
748 628 1023 706 praeter
1086 622 1507 707 magnificum
1574 622 1960 706 principem,
2031 622 2356 689 dominum
2420 623 2782 690 Bolkonem

372 728 623 793 ducem
697 727 956 795 Sleziae
1026 734 1095 793 et
1165 729 1493 794 dominum
1551 730 1633 793 de
1697 728 2046 811 Swidnicz,
2108 734 2416 809 nepotem
2483 732 2782 793 nostrum

373 832 821 915 carissimum,
888 832 1177 899 fideliter
1245 834 1613 899 adhaerere
1677 838 1748 898 et
1807 833 1971 914 ipsis
2033 834 2100 897 in
2160 832 2490 898 universis
2557 833 2782 897 causis

376 936 858 1003 evenientibus
908 944 975 1003 et
1022 938 1541 1005 necessitatibus
1590 938 1729 1003 suis
1776 936 2042 1003 auxiliis
2091 940 2160 1000 et
2202 936 2497 1003 consiliis
2531 934 2783 1001 nostris

372 1040 557 1105 bona
604 1042 737 1107 fide
786 1051 851 1106 et
915 1044 1166 1123 absque
1224 1046 1397 1109 omni
1454 1042 1587 1109 doli
1652 1043 1961 1123 scrupulo
2022 1042 2332 1123 prosequi
2397 1046 2466 1107 et
2528 1041 2782 1106 iuvare·

592 1146 691 1211 Et
736 1148 857 1211 hoc
906 1147 1296 1228 specialiter
1351 1146 1599 1229 addito,
1660 1149 1832 1226 quod
1898 1147 1956 1211 si
2027 1146 2338 1227 princeps
2387 1145 2785 1229 quicunque,

374 1268 553 1315 unus
606 1250 713 1315 vel
764 1251 1007 1334 plures,
1053 1270 1323 1331 reguum
1371 1252 1513 1317 sive
1564 1259 1782 1318 terras
1831 1251 2115 1332 ipsorum
2163 1251 2421 1315 intrare
2484 1256 2553 1315 et
2600 1250 2784 1316 inva-

369 1354 561 1437 dere,
610 1374 938 1437 occupare
986 1356 1093 1423 vel
1164 1357 1519 1425 devastare
1592 1356 1876 1423 vellent:
1935 1362 2170 1421 contra
2233 1355 2410 1419 illum
2475 1354 2581 1421 vel
2639 1354 2785 1420 illos

372 1460 833 1540 promittimus
880 1462 1219 1527 adiuvare.
1268 1462 1357 1526 Et
1404 1462 1463 1526 si
1507 1462 1636 1543 ipsi
1684 1459 1946 1542 domini,
1995 1464 2187 1541 pater
2219 1465 2288 1524 et
2323 1464 2540 1525 frater
2569 1454 2785 1525 nostri

370 1565 743 1645 praedicti,
803 1575 1119 1645 processu
1196 1568 1515 1649 temporis
1583 1566 1776 1632 nobis
1844 1566 2204 1647 deferrent,
2259 1566 2428 1644 quod
2475 1562 2788 1645 princeps

368 1666 629 1749 aliquis
675 1676 791 1735 aut
836 1672 998 1735 baro
1044 1688 1320 1753 regnum
1369 1670 1474 1738 vel
1520 1676 1743 1737 terras
1791 1688 2020 1736 eorum
2049 1676 2169 1733 aut
2201 1670 2460 1750 partem
2492 1666 2780 1747 aliquam

370 1771 725 1838 detineret
786 1778 855 1837 et
902 1773 1137 1840 illicite
1197 1782 1591 1855 occuparet:
1658 1784 1898 1839 extunc
1954 1774 2134 1856 ipsos
2197 1776 2281 1838 ad
2343 1772 2780 1838 evincendum

368 1884 443 1942 et
511 1876 953 1943 obtinendum
1016 1881 1189 1945 bona
1247 1878 1409 1944 talia
1472 1879 1786 1945 universa
1853 1884 1920 1943 et
1977 1878 2253 1959 pacifice
2314 1876 2783 1959 possidendum

370 1980 625 2047 iuvare
670 1982 1116 2062 promittimus
1164 1988 1233 2047 et
1282 1988 1604 2049 tenemur.

597 2084 671 2151 Si
724 2104 885 2153 vero
949 2093 1184 2152 contra
1256 2087 1538 2167 aliquem
1608 2087 1992 2169 principem,
2062 2084 2404 2166 vasallum,
2472 2085 2786 2149 baronem
2889 2164 2894 2169 p

372 2192 486 2256 vel
538 2191 885 2256 subditum
930 2196 1231 2257 nostrum
1280 2192 1731 2272 cuiuscunque
1777 2190 2179 2257 conditionis
2227 2189 2336 2256 vel
2383 2192 2623 2270 status,
2670 2187 2781 2267 qui

370 2294 443 2360 in
490 2292 827 2361 limitibus
844 2296 1017 2360 ‘sive
1066 2298 1261 2361 metis
1306 2302 1638 2363 terrarum
1687 2314 1952 2362 suarum
2001 2294 2164 2376 ipsis
2221 2293 2656 2359 iniuriaretur
2715 2297 2782 2357 et

368 2398 688 2465 indebite
735 2406 1113 2483 occuparet,
1158 2404 1346 2467 nobis
1380 2402 1722 2468 deferrent
1754 2400 2127 2481 querelam:
2157 2398 2338 2465 illum
2367 2400 2452 2463 ad
2484 2402 2780 2463 nostram

372 2521 633 2571 vocare
681 2507 1136 2586 praesentiam
1184 2513 1255 2571 et
1302 2509 1386 2572 ad
1431 2509 1788 2574 tenendum
1854 2505 1952 2572 eis
2004 2507 2190 2590 justa
2251 2503 2502 2585 placita
2560 2521 2640 2567 ac
2697 2503 2782 2568 ad

374 2608 763 2676 faciendum
810 2628 1013 2693 super
1059 2611 1203 2694 hoc,
1250 2615 1423 2692 quod
1473 2611 1876 2678 rationabile
1910 2610 2000 2676 sit
2035 2613 2102 2676 et
2135 2609 2402 2690 iustum,
2433 2613 2782 2672 coarctare

372 2713 763 2779 tenebimur
807 2715 1084 2796 praevia
1138 2715 1419 2782 ratione.

599 2816 853 2899 Quodsi
897 2817 1225 2902 princeps,
1266 2819 1581 2904 vasalluS,
1615 2823 1775 2886 baro
1811 2819 1916 2886 vel
1949 2819 2258 2885 subditus
2290 2821 2520 2883 noster
2551 2815 2797 2916 huius--

372 2921 558 2988 modi
606 2920 825 2988 animo
869 2923 1161 2990 fortasse
1208 2924 1587 2992 rebellionis
1632 2924 1858 3007 regiae
1895 2924 2270 2990 maiestatis
2300 2924 2540 2991 ductus
2563 2919 2761 3006 justi·

370 3027 554 3092 ciam
604 3025 908 3110 recipere
953 3047 1158 3111 super
1206 3031 1575 3096 huiusmodi
1623 3033 1797 3096 bona
1843 3035 1914 3096 et
1959 3031 2240 3095 reddere
2297 3045 2424 3094 non
2474 3031 2745 3092 curaret

374 3137 631 3196 extunc
679 3136 893 3198 metas
941 3137 1009 3199 et
1053 3133 1300 3199 limites
1350 3134 1577 3200 taliter
1615 3141 1972 3216 occupatos
2023 3139 2091 3198 et
2138 3135 2222 3198 ad
2267 3131 2448 3214 ipsos
2481 3132 2779 3198 dominos

370 3241 641 3316 patrem
707 3241 777 3301 et
834 3235 1111 3302 fratrem
1166 3245 1432 3304 nostros
1493 3240 1599 3304 vel
1657 3239 1938 3305 alterum
1989 3238 2298 3320 ipsorum,
2367 3239 2776 3318 spectanteS,

376 3338 703 3405 evincere
773 3347 839 3404 et
912 3341 1093 3422 ipsos
1156 3345 1241 3408 ad
1300 3344 1792 3410 assecutionem
1860 3359 2082 3409 eorum
2145 3360 2223 3406 ac
2291 3341 2776 3423 possessionem

382 3443 739 3526 pacificam
814 3445 1187 3512 tenebimur
1254 3448 1595 3531 adiuvare,
1658 3451 1740 3514 ad
1804 3449 1976 3528 quod
2037 3451 2106 3511 et
2162 3446 2290 3526 ipsi
2354 3463 2541 3510 suum
2587 3445 2776 3510 nobis

372 3549 845 3631 praestabunt,
912 3550 971 3616 si
1040 3569 1203 3633 opus
1275 3553 1421 3636 erit,
1498 3552 1832 3634 auxilium,
1911 3554 2065 3617 duni
2140 3568 2260 3631 per
2335 3568 2453 3614 nos
2528 3549 2779 3615 fuerint

373 3652 717 3734 requisiti.

592 3757 959 3824 Praeterea
1036 3761 1421 3841 specialiter
1499 3763 1802 3827 duximus
1882 3761 2402 3840 exprimendum,
2475 3759 2649 3837 quod⁴
2721 3757 2777 3820 si

379 3864 604 3928 dictos
678 3861 993 3946 dominOS,
1063 3870 1317 3947 patrem
1388 3871 1456 3930 et
1523 3866 1803 3932 fratrem
1873 3870 2138 3930 nostros
2203 3860 2602 3942 carissimos
2662 3865 2779 3926 aut

378 3967 674 4034 alterum
724 3984 963 4050 eorum,
1010 3970 1078 4034 in
1123 3980 1461 4050 posterum
1508 3971 1638 4037 ullo
1688 3978 1984 4052 tempore
2031 3988 2174 4036 cum
2221 3964 2775 4033 excellentissimo

378 4069 689 4152 principe
734 4069 1001 4154 Karolo,
1046 4091 1205 4156 rege
1248 4075 1588 4156 Ungariae
1623 4074 1888 4156 illustri,
1943 4075 2156 4140 fratre
2189 4078 2434 4154 uostm,
2469 4088 2774 4153 guerram

378 4175 719 4241 suscitare
768 4183 837 4241 et
884 4177 951 4240 in
998 4196 1191 4244 manu
1241 4181 1495 4259 potenti
1547 4185 1767 4246 terras
1816 4177 1956 4245 eius
2012 4178 2267 4243 intrare
2325 4177 2774 4257 contingeret:

378 4286 635 4345 extunc
696 4277 928 4346 licebit
961 4283 1179 4348 -nobis
1239 4302 1317 4348 ac
1377 4284 1741 4366 poterimus
1819 4289 1888 4350 et
1965 4282 2340 4348 tenebimur
2407 4298 2554 4345 cum
2629 4280 2774 4361 ipso

384 4400 547 4472 rege
593 4382 937 4469 Ungariae
985 4389 1167 4454 stare
1214 4391 1285 4452 et
1331 4404 1497 4475 eum,
1533 4389 1598 4454 in
1631 4387 1768 4456 suis
1803 4390 2132 4456 duntaxat
2163 4386 2385 4472 terris,
2432 4388 2514 4451 ad
2552 4384 2773 4454 defen-
