3288 4973
1404 349 1660 408 —429
1711 381 1794 390 --

388 553 624 620 mortis
670 571 915 634 eorum,
962 552 1059 618 sic
1106 553 1282 633 quod
1330 551 1625 634 dignitas
1689 551 1878 634 regni
1930 557 2004 616 et
2047 569 2332 617 coronae
2381 551 2452 617 B.
2503 559 2571 615 et
2617 570 2788 616 mar-

394 658 745 723 chionatus
776 657 1084 722 similiter
1112 674 1317 737 penes
1342 655 1523 722 illum
1549 662 1913 738 remaneat,
1937 655 2049 735 qui
2071 662 2352 737 paterno
2375 654 2592 735 stipiti
2611 656 2790 736 regis

398 760 508 826 vel
533 761 935 827 marchionis
962 760 1410 843 conspicietur
1440 758 1507 824 in
1542 759 1932 840 procedenti
1963 759 2141 824 linea
2173 757 2315 826 fore
2341 759 2792 840 propinquior,

605 883 686 932 ea
760 865 1159 946 conditione,
1234 867 1405 944 quod
1466 863 1537 927 si
1622 864 2123 946 primogenitu3‚
2201 864 2783 946 secundogenitus„

397 969 895 1051 tertiogenitus,
943 969 1455 1051 quartogenitus
1502 985 1619 1034 seu
1669 968 2193 1052 quintogenitus,
2238 973 2526 1048 quotque
2585 967 2790 1033 etiam

398 1073 667 1157 fuerint,
692 1079 851 1140 ante
884 1074 1135 1140 obitum
1169 1073 1383 1154 patris
1417 1072 1823 1137 decederent
1866 1077 1934 1138 et
1966 1072 2252 1152 quilibet
2283 1090 2504 1137 eorum
2531 1089 2786 1137 mascu-

402 1177 573 1244 linos
622 1177 907 1244 heredes
954 1177 1123 1244 filios
1158 1183 1310 1259 post
1341 1194 1415 1242 se
1448 1176 1846 1243 dimitteret:
1882 1186 2040 1244 tunc
2073 1195 2346 1258 regnum
2376 1175 2792 1255 praedictum

404 1281 476 1346 B.
525 1283 611 1346 ad
657 1281 859 1347 filium
906 1281 1328 1363 primogeniti
1376 1279 1553 1360 regis
1601 1287 1672 1345 et
1719 1280 2216 1346 marchionatus
2263 1281 2348 1344 ad
2379 1279 2584 1344 filium
2616 1297 2789 1344 mar-

404 1385 663 1451 chionis
711 1385 1136 1468 primogeniti
1182 1385 1326 1450 sine
1374 1383 1776 1450 difficultate
1808 1385 2106 1464 qualibet
2140 1386 2599 1466 devolventur,
2645 1401 2790 1448 cum

404 1488 688 1569 quilibet
734 1507 957 1556 eorum
1006 1494 1283 1571 paterno
1332 1487 1550 1567 stipiti
1598 1489 2032 1569 propinquior
2077 1489 2413 1554 videatur.

618 1592 687 1658 Si
736 1611 894 1658 vero
942 1594 1425 1675 primogenitus
1490 1610 1619 1657 nou
1683 1592 1944 1676 quidem
2007 1591 2233 1674 filium,
2295 1593 2412 1657 sed
2471 1598 2799 1672 nepotem,

407 1701 477 1763 et
528 1697 1091 1780 secundogenitus
1137 1696 1336 1762 filium
1388 1704 1540 1778 post
1585 1715 1660 1762 se
1692 1697 2139 1762 dimitterent:
2190 1700 2350 1760 tunc
2381 1695 2799 1776 principatus

406 1795 779 1866 huiusmodi
824 1803 906 1865 ad
956 1800 1157 1866 filium
1206 1801 1730 1884 secundogeniti,
1793 1819 1924 1867 non
1970 1802 2055 1865 ad
2101 1808 2410 1880 nepotem
2473 1800 2797 1882 primoge-

410 1903 555 1986 niti,
595 1906 1049 1970 devolventur.

618 2007 709 2074 Et
757 2011 879 2074 hoc
912 2009 1086 2075 idem
1119 2016 1226 2074 est
1258 2012 1342 2075 de
1372 2010 1529 2076 filiis
1561 2018 1630 2076 et
1663 2011 2017 2091 nepotibus
2050 2009 2488 2091 tertiogeniti,
2531 2017 2800 2088 quarto-

410 2114 641 2196 geniti,
687 2114 1147 2195 quintogeniti‚
1196 2120 1264 2178 et
1328 2115 1427 2179 sic
1492 2115 1572 2179 de
1636 2114 1918 2197 singulis
1982 2118 2301 2195 perpetuo
2363 2113 2800 2194 sentiendum,

408 2235 555 2282 cum
625 2217 855 2296 utique
925 2216 1099 2282 filius
1163 2217 1670 2300 secundogeniti
1733 2226 2011 2299 paterno
2073 2217 2288 2298 stipiti
2353 2215 2802 2297 propinquior,

410 2338 603 2400 quam
653 2337 861 2400 nepos
900 2319 1399 2402 primogeniti*)‚
1434 2323 1760 2386 videatur.

620 2424 755 2491 Nos
802 2423 1009 2506 igitur
1052 2428 1139 2489 ad
1185 2427 1566 2491 mandatum
1614 2425 1904 2508 praefati
1953 2425 2198 2491 domini
2243 2427 2457 2491 nostri
2502 2424 2796 2507 Impera-

409 2531 578 2596 toris
640 2536 709 2595 et
777 2528 955 2609 regis
1020 2529 1113 2609 B.,
1177 2532 1349 2609 quod
1411 2534 1493 2595 ab
1558 2532 1702 2612 ipso
1763 2537 2094 2610 tamquam
2157 2548 2315 2612 rege
2375 2530 2466 2613 B,
2525 2548 2684 2595 vero
2731 2536 2801 2594 et

412 2632 704 2699 naturali
735 2632 999 2699 domino
1031 2639 1281 2715 nostro,
1314 2642 1708 2701 reverenter
1739 2637 2116 2716 accepimus
2149 2654 2228 2701 ac
2260 2636 2342 2700 de
2375 2642 2561 2700 certa
2587 2634 2798 2714 ipsius

413 2738 719 2819 scientia,
768 2755 899 2802 non
947 2753 1066 2817 per
1114 2756 1403 2803 errorem
1450 2748 1571 2803 aut
1617 2738 2002 2820 improvide,
2067 2742 2186 2805 sed
2231 2746 2494 2805 matura
2552 2738 2800 2803 delibe-

414 2842 676 2907 ratione
724 2841 1017 2923 praevia,
1062 2843 1256 2907 nobis
1302 2846 1383 2908 ob
1433 2845 1556 2908 hoc
1604 2844 1852 2925 pluries
1898 2844 1967 2909 in
2015 2844 2360 2909 consilium
2397 2842 2802 2923 convocatiS,

414 2947 495 3012 de
545 2948 769 3027 verbe,
815 2944 1008 3025 scitu,
1056 2948 1404 3013 voluntate
1452 2955 1523 3013 et
1578 2966 1894 3029 expresso
1950 2965 2276 3013 consensu
2342 2948 2671 3013 seniorum
2733 2954 2802 3011 et

413 3049 883 3115 universitatis
942 3055 1211 3115 nostrae
1275 3052 1722 3132 promittimus
1781 3061 1850 3117 et
1895 3054 2069 3117 bona
2131 3059 2360 3117 nostra
2417 3053 2546 3118 fide
2608 3069 2802 3132 spon-

414 3155 661 3236 demuS,
694 3153 840 3219 sine
885 3155 1052 3235 dolO,
1100 3154 1407 3235 praefato
1455 3157 1715 3223 domino
1763 3162 1992 3223 nostro
2032 3156 2413 3237 marchioni,
2443 3155 2802 3220 heredibus

412 3267 483 3325 et
530 3259 1029 3324 successoribus
1077 3259 1232 3341 suis3
1282 3260 1623 3326 Moraviae
1664 3260 2174 3332 marchionibus,
2212 3259 2552 3340 praedicta
2585 3258 2802 3324 omnia

417 3370 485 3428 et
532 3380 755 3428 eorum
822 3362 1165 3442 quodlibet
1227 3366 1347 3428 sub
1408 3365 1710 3431 omnibus
1771 3364 2146 3444 sententiiS‚
2203 3362 2468 3444 punctis
2530 3368 2599 3427 et
2657 3380 2804 3427 ver-

417 3468 641 3531 borum
720 3466 1305 3549 declarationibuS,
1378 3468 1553 3534 sicut
1621 3469 1806 3549 prius
1875 3469 2219 3533 invenitur
2280 3484 2666 3547 expressum
2733 3466 2804 3531 in

414 3570 683 3636 casibus
730 3568 1038 3651 superius
1085 3571 1469 3653 declaratiS,
1514 3576 1777 3651 quando
1841 3591 1958 3638 seu
2020 3572 2326 3652 quotiens
2388 3569 2802 3651 emerserint,

414 3676 789 3752 attendere,
851 3675 1215 3739 observare
1272 3684 1342 3741 et
1388 3676 1753 3758 adimplere
1800 3685 1871 3742 et
1917 3675 2236 3742 offerente
2284 3694 2358 3741 se
2404 3692 2564 3740 casu
2613 3674 2802 3739 iuxta

412 3796 749 3859 summam,
799 3796 968 3857 quae
1017 3780 1400 3846 declaratur
1438 3780 1768 3863 superiuS,
1799 3787 1935 3845 tam
1970 3780 2035 3846 in
2068 3780 2349 3845 articulo
2385 3782 2804 3861 praenotate,

408 3881 578 3947 alias
624 3881 694 3946 in
742 3882 961 3947 literis
1010 3881 1484 3950 infeudationis
1532 3889 1865 3967 contento,
1910 3902 2106 3963 quam
2154 3883 2220 3947 in
2269 3882 2418 3949 aliis
2463 3881 2798 3965 adjunctis

406 3985 639 4067 eidem,
688 3988 775 4051 ad
822 3985 1193 4066 praefatum
1243 3988 1573 4052 dominum
1619 3988 2065 4054 marchionem
2111 3988 2442 4053 duntaxat
2485 3994 2602 4051 aut
2659 3986 2800 4069 ejus

620 4150 671 4219 ¹⁸¹)
708 4148 962 4203 Litterae
1003 4148 1297 4204 civitatum
1336 4150 1752 4205 moravicalium
1789 4160 1915 4219 post
1952 4151 2121 4205 verba
2165 4166 2357 4219 „quam
2391 4164 2560 4216 nepos
2599 4147 2806 4216 primo-

411 4235 627 4305 geniti“
668 4236 908 4291 addunt:
948 4244 1041 4303 „et
1077 4236 1249 4290 etiam
1286 4252 1457 4304 nepos
1495 4236 1919 4306 secundogeniti
1959 4238 2139 4291 eidem
2177 4244 2408 4304 paterno
2447 4234 2632 4301 stipiti
2666 4236 2803 4290 vici-

410 4322 533 4377 nior
572 4337 735 4389 quam
772 4323 969 4389 utique
1006 4338 1279 4389 pronepos
1319 4322 1710 4391 primogeniti“
1751 4355 1818 4363 —
1855 4324 2131 4378 videatur.
