3288 4973
1517 365 1904 426 —362—

516 565 721 632 ralem
790 565 1139 650 dominum,
1186 585 1381 634 veros
1426 568 1800 634 ordinarios
1861 587 1980 634 seu
2042 566 2386 634 naturales
2449 566 2750 632 dominos
2795 583 2896 631 re-

514 672 812 751 spectum
856 671 1106 736 habere
1154 671 1445 737 debeant
1490 671 1790 753 ipsisque
1836 671 1904 736 in
1951 671 2253 738 omnibus
2293 669 2582 736 fideliter
2611 669 2898 735 obedire.

720 771 1211 840 Renuntiantes
1280 774 1571 842 fideliter
1629 793 1749 856 pro
1812 775 2020 858 nobiS,
2089 773 2446 840 heredibus
2505 779 2577 862 et
2635 791 2896 838 succes-

510 877 771 943 soribus
818 877 1066 944 nostris
1116 879 1479 960 praedictis
1527 879 1700 944 omni
1739 881 1877 963 juri
1923 885 2052 945 etc.

720 981 799 1047 In
848 981 1036 1047 cuius
1091 983 1190 1048 rei
1249 983 1705 1055 testimonium
1765 990 1836 1049 et
1895 985 2098 1048 robur
2157 988 2480 1065 perpetuo
2541 982 2901 1048 valiturum

513 1092 906 1168 praesentes
952 1085 1099 1152 fieri
1144 1091 1215 1152 et
1261 1085 1475 1152 nostri
1536 1086 1742 1170 sigilli
1800 1085 2182 1154 munimine
2217 1085 2517 1154 roborari
2575 1084 2902 1151 voluimus

513 1196 583 1256 et
627 1208 747 1273 pro
778 1188 1083 1256 firmioris
1118 1191 1423 1258 cautelae
1456 1192 1810 1276 praesidio,
1842 1195 1920 1256 ut
1951 1190 2268 1258 videlicet
2301 1189 2605 1272 praefato
2640 1188 2900 1262 domino

511 1293 675 1376 regi,
718 1293 1075 1361 heredibus
1121 1298 1193 1361 et
1236 1295 1738 1362 successoribus
1791 1295 1951 1378 suiS,
1987 1295 2260 1378 regibus
2293 1298 2364 1360 et
2395 1311 2678 1361 coronae
2713 1293 2904 1375 regni

512 1395 819 1480 praefati,
850 1397 1297 1463 abundantius
1344 1403 1688 1482 caveatur,
1718 1398 2015 1464 illustres
2049 1403 2119 1464 et
2149 1397 2532 1480 magnificos
2563 1397 2902 1479 principes

510 1520 593 1569 ac
638 1499 934 1568 dominos
989 1501 1343 1569 Bolconem
1404 1501 1930 1584 Svidnicensem,
1995 1503 2374 1569 Conradum
2429 1501 2903 1598 Olsnicensem‚

511 1605 894 1671 Ladislaum
968 1604 1483 1672 'Peschinensem
1560 1608 1782 1690 duceS‚
1878 1612 2154 1688 patruos
2233 1610 2304 1672 et
2373 1607 2900 1688 consanguineos

511 1714 797 1792 nostrOS‚
867 1726 1126 1775 necnon
1188 1709 1621 1791 spectabilem
1686 1709 2016 1776 dominum
2077 1710 2397 1776 Mathiam
2459 1709 2763 1776 comitem
2821 1711 2901 1775 de

510 1813 828 1894 Trensch,
894 1811 1175 1880 fratrem
1248 1817 1550 1878 nostrum
1621 1813 1950 1897 dilectum,
2027 1819 2291 1880 attente
2359 1814 2762 1898 rogavimuS‚
2830 1821 2904 1878 ut

508 1921 727 1982 testes
796 1917 931 1982 sint
1000 1921 1071 1983 et
1132 1917 1345 1984 velint
1414 1917 1706 1983 existere
1774 1917 2054 1982 omnium
2127 1917 2658 2000 praemissorum,
2727 1916 2903 1982 sicut

511 2019 713 2086 etiam
764 2019 905 2101 ipsi
959 2023 1046 2086 ad
1090 2027 1365 2086 nostrae
1424 2021 1935 2102 supplicationis
1998 2021 2389 2088 instantiam
2447 2021 2897 2087 testimonium

514 2125 865 2206 perhibent
912 2126 996 2191 de
1038 2125 1440 2206 praemissis.

718 2263 966 2329 Datum
1031 2262 1508 2330 Wratislaviae
1562 2283 1619 2329 a.
1671 2263 1742 2328 D.
1798 2269 1961 2331 1351
2023 2261 2194 2330 feria
2251 2263 2366 2328 IV.
2431 2268 2588 2329 ante
2651 2261 2892 2331 festum

511 2369 572 2432 b.
619 2366 898 2434 Martini
945 2384 1046 2448 ep.

718 2504 836 2590 (A.
886 2502 976 2574 K.
1026 2543 1109 2553 —
1157 2504 1417 2569 Brandl
1477 2503 1641 2571 VIII.
1689 2505 1866 2590 124.)

716 2697 866 2765 318.
929 2696 1265 2765 Joannes
1311 2694 1564 2765 dictus
1626 2694 1722 2765 de
1781 2695 2033 2779 Reste‚
2096 2696 2338 2782 miles,
2401 2696 2675 2766 Carolo
2723 2698 2890 2785 regi

512 2798 764 2870 omnia
836 2798 1008 2885 iura
1081 2817 1222 2869 sua
1294 2799 1376 2869 in
1450 2798 1644 2868 villa
1723 2798 2281 2887 Strigonowitz
2351 2803 2430 2871 et
2493 2800 2575 2869 in
2641 2799 2894 2872 decem

511 2903 796 2975 mansis
841 2903 1018 2973 sitis
1062 2903 1143 2973 in
1190 2903 1624 2973 Wilezkow
1663 2904 1866 2991 apud
1898 2903 2474 2974 Wratislaviam
2521 2906 2893 2993 resignat.

954 3028 1149 3111 1351,
1194 3030 1260 3093 4.
1309 3024 1774 3097 Decembris.
1822 3025 2460 3115 (Wratislaviae.)

716 3164 843 3219 List
876 3164 913 3221 J
916 3180 1023 3219 ana
1051 3165 1248 3233 Beata,
1264 3128 1342 3219 ‘ze
1364 3166 1566 3218 vsecko
1587 3164 1686 3218 sve
1705 3168 1899 3232 pravo.
1925 3166 2117 3221 πει-ὁὶ
2129 3166 2248 3234 jest
2273 3167 2378 3219 mel
2405 3182 2474 3220 ve
2500 3166 2584 3221 vsi
2609 3166 2898 3235 Strigono·

511 3252 708 3320 vicich‚
729 3268 763 3305 a
782 3270 813 3305 z
834 3250 1037 3307 deeieti
1070 3250 1201 3306 lanii
1221 3265 1289 3305 ve
1321 3250 1569 3306 Vlekove
1601 3252 1898 3320 postupuje
1920 3267 1953 3306 a
1973 3252 2115 3307 dave
2143 3255 2334 3307 moene
2367 3252 2616 3323 (ciesai-i)
2649 3252 2900 3309 Karlovi.

715 3373 837 3459 (A.
865 3372 957 3443 K.
990 3412 1075 3423 -
1112 3371 1319 3438 Pelzol
1348 3374 1423 3441 K.
1454 3372 1621 3437 Karl
1651 3374 1760 3441 IV.
1789 3396 1851 3441 π.
1887 3372 2073 3443 CXX.
2109 3412 2182 3422 —
2224 3374 2484 3441 Brandl
2523 3374 2698 3445 VIII.
2722 3376 2900 3462 127.)

713 3583 865 3651 319.
920 3580 1339 3651 Conventio
1370 3580 1465 3650 de
1494 3580 1818 3670 Ruperti
1855 3581 2020 3669 jun.
2055 3602 2095 3649 e
2133 3581 2585 3668 captivitate
2620 3583 2896 3654 libera-

512 3686 717 3757 tione
764 3688 844 3755 et
886 3690 1142 3755 terrae
1187 3684 1628 3756 Lusicensis
1675 3684 2342 3773 impignoratione.

1069 3810 1264 3893 1351,
1310 3810 1414 3875 24.
1463 3807 1923 3877 Decembris.
1971 3806 2356 3894 (Lukow.)

720 3945 959 4015 Ludwig
1016 3946 1309 4015 markgraf
1366 3962 1435 4000 zu
1490 3946 1897 4016 Brandenburg
1956 3946 2066 4000 und
2131 3946 2360 4002 Lausitz
2415 3947 2684 4001 schlieszt
2739 3950 2898 4003 einen

511 4042 739 4104 vei-trag
792 4032 894 4086 mit
949 4032 1140 4087 seinen
1196 4032 1436 4087 brudei-n
1494 4035 1603 4087 und
1667 4034 1788 4087 dem
1849 4033 2202 4104 markgrafen
2259 4049 2330 4088 zu
2385 4034 2632 4089 Meiszen
2701 4050 2898 4104 wegen

512 4122 712 4189 losung
750 4119 1065 4187 Buprechts
1104 4120 1201 4173 des
1246 4120 1494 4188 jiingem
1540 4136 1638 4174 aus
1693 4121 1791 4174 der
1837 4120 2314 4188 gesangenschaft
2361 4122 2476 4175 und
2521 4136 2722 4190 wegen
2781 4136 2896 4177 ver-

510 4212 750 4276 setzung
789 4207 887 4263 der
923 4204 1391 4261 Nieder·Lausitz
1429 4223 1500 4262 zu
1538 4208 1746 4261 diesem
1783 4210 2022 4263 zwecke.

718 4327 947 4417 (Arch.
993 4325 1062 4395 S.
1116 4323 1355 4416 Wenc.)
