3288 4973
1560 344 1907 406 ...26—

741 551 847 617 Ad
914 546 1189 632 fastigia
1257 548 1657 632 sceptrigeri
1739 544 2153 625 diadematis,
2219 542 2450 611 divina
2522 543 2921 626 disponente

531 654 902 737 clementia,
947 651 1300 734 sublimati,
1350 654 1436 718 ad
1483 654 1608 719 hoc
1654 650 2073 719 ferventibus
2124 648 2295 715 votis
2356 646 2777 732 intendimus,
2846 658 2920 714 ut

528 759 742 827 nostri
812 756 1151 843 regiminis
1219 762 1518 838 tempore
1575 763 1851 823 nostrae
1926 754 2172 821 dicioni
2241 750 2564 819 subiectis
2629 752 2913 819 libertas

530 870 762 946 optata
809 862 1176 945 proveniat,
1223 861 1520 929 vitentur
1565 861 1863 945 pericula
1908 880 1989 927 ac
2034 878 2077 924 a
2130 856 2568 940 malignorum
2628 857 2920 938 protecti

531 968 907 1036 incursibus
925 967 1152 1048 quiete
1167 968 1464 1051 sedeant,
1484 967 1776 1033 sedendo
1797 966 2150 1047 quiescant
2164 962 2231 1029 in
2248 960 2701 1043 pulcritudine
2718 960 2921 1052 pacis,

422 1090 431 1099 ’
531 1074 601 1140 in
623 1070 1075 1140 tabernaculis
1099 1070 1382 1139 fiduciae
1406 1090 1486 1138 ac
1509 1070 1967 1154 temporalium
1994 1072 2311 1135 maneant
2333 1066 2565 1147 requie
2590 1068 2922 1148 opulenta.

534 1180 704 1260 quod
733 1184 896 1245 tunc
929 1176 1260 1243 salubrius
1291 1175 1438 1243 fieri
1467 1180 1540 1241 et
1570 1173 1971 1241 commodius
2002 1172 2302 1253 expediri
2334 1170 2681 1257 credimuS,
2726 1170 2783 1237 si
2816 1170 2919 1237 ius

530 1302 717 1350 suum
775 1281 1117 1348 tribuatur
1175 1280 1450 1346 cuilibet
1511 1286 1581 1345 et
1637 1281 1818 1346 ultra
1882 1278 2177 1345 debitum
2236 1294 2369 1343 non
2428 1280 2707 1342 artetur.
2766 1276 2915 1343 Hoc

530 1406 691 1453 sane
738 1388 1185 1467 attendenteS,
1245 1402 1470 1450 omnes
1531 1385 1725 1468 regni
1782 1384 1998 1449 nostri
2060 1380 2371 1448 Boemiae
2436 1384 2507 1445 et
2572 1380 2917 1447 Moraviae

529 1491 884 1572 principes,
910 1487 1403 1555 ecclesiasticos
1430 1493 1500 1554 et
1531 1487 1887 1569 seculares»,
1916 1487 2219 1569 barones,
2250 1484 2525 1568 nobileS,
2556 1486 2915 1567 praelatos

532 1594 809 1661 clericos
856 1598 926 1658 et
970 1592 1316 1659 uniuersos
1363 1598 1632 1659 nostrae
1681 1590 1926 1658 dicioni
1956 1590 2315 1673 subiectOS,
2355 1590 2462 1671 pio
2508 1588 2760 1656 favoris
2798 1607 2912 1671 ap-

532 1700 766 1783 plausu
779 1696 1245 1765 fauorabiliter
1258 1697 1759 1779 amplectentes,
1777 1695 2024 1761 eisdem
2044 1694 2345 1761 duximus
2361 1693 2881 1775 promittendum
2900 1721 2912 1762 :

735 1803 787 1868 Ι,
829 1802 1016 1886 Quod
1062 1802 1280 1869 omnia
1327 1819 1551 1871 eorum
1589 1802 1763 1885 jura,
1810 1798 2347 1880 consuetudines
2394 1817 2564 1879 quae
2625 1806 2696 1865 et
2743 1818 2911 1880 quas

529 1927 569 1974 a
617 1908 866 1976 nostris
910 1907 1270 1974 habuerint
1316 1912 1386 1973 et
1430 1908 1677 1974 habere
1725 1910 2219 1972 consveverunt
2262 1906 2911 1991 praedecessoribuS,

527 2019 678 2079 rata
721 2013 970 2081 habere
1017 2012 1316 2079 volumus
1363 2017 1433 2077 et
1479 2018 1713 2077 tenere
1772 2015 1843 2077 et
1900 2012 2131 2076 eadem
2186 2009 2579 2076 inconvulsa
2640 2028 2905 2077 conser-

528 2136 706 2200 vare,
765 2136 1021 2184 necnon
1091 2118 1264 2197 quod
1325 2115 1544 2181 omnia
1602 2133 1829 2181 eorum
1891 2114 2261 2198 privilegia,
2323 2132 2491 2194 quae
2562 2134 2603 2179 a
2662 2116 2913 2181 nostris

529 2223 780 2290 habent
826 2220 1468 2304 praedecessoribus,
1526 2221 1828 2287 volumus
1892 2219 2138 2285 nostris
2199 2219 2591 2286 confirmare
2650 2220 2906 2304 sigilllt.

731 2326 816 2393 II.
857 2328 1221 2393 Praeterea
1248 2330 1328 2391 ut
1362 2326 1573 2391 nostri
1606 2325 1889 2391 subiecti
1924 2323 2295 2389 uberiorem
2326 2329 2599 2389 nostrae
2631 2325 2908 2405 pietatis

524 2432 822 2499 sentiant
890 2430 1433 2514 benivolenciam,
1514 2428 1976 2513 promittimus,
2044 2434 2119 2494 vt
2166 2428 2412 2496 nullam
2468 2436 2763 2496 steuram
2802 2430 2910 2497 vel

526 2537 954 2619 exactionem,
999 2553 1170 2617 quae
1233 2539 1442 2602 berna
1487 2535 1859 2620 vulgariter
1926 2533 2189 2616 dicitur,
2256 2534 2387 2601 nisi
2447 2552 2569 2600 nos
2638 2554 2909 2603 vxorem

409 2691 413 2696 .
523 2643 768 2707 ducere
836 2639 1276 2725 contingeret,
1335 2659 1454 2707 seu
1511 2641 1579 2706 in
1638 2639 1994 2706 liberorum
2056 2644 2451 2722 nostrorum,
2508 2639 2789 2706 filiorum
2836 2646 2907 2706 et

523 2744 822 2828 filiarum,
876 2744 1208 2828 coniugali
1269 2744 1715 2828 copulacione,
1774 2745 1859 2810 ab
1919 2744 2017 2812 eis
2078 2744 2500 2824 aliquatenus
2550 2744 2907 2828 exigemus.

733 2849 856 2917 ΠΙ.
895 2849 1223 2932 Ceterum,
1255 2855 1330 2914 ut
1361 2847 1573 2914 nostri
1605 2849 1794 2932 regni
1826 2848 2199 2932 regnicolas
2230 2850 2317 2915 ad
2349 2850 2725 2916 voluntaria
2757 2869 2904 2933 pro-

526 2971 833 3021 vocemus
895 2954 1228 3035 obsequia,
1291 2951 1671 3035 pollicemur
1731 2952 1999 3036 eisdem,
2062 2955 2236 3034 quod
2297 2971 2648 3033 numquam
2708 2953 2906 3021 alicui

528 3059 728 3126 alteri
773 3076 969 3139 quam
1015 3059 1290 3125 Moravo
1336 3058 1405 3123 in
1450 3055 1756 3124 Moravia
1800 3057 2066 3136 aliquod
2112 3055 2399 3123 officium
2445 3075 2694 3141 suppae
2742 3072 2913 3126 com-

531 3162 886 3230 mittemus.
1599 3217 1604 3220 .

734 3267 847 3334 IV.
892 3267 1176 3348 Insuper
1221 3266 1542 3333 communi
1589 3271 1743 3333 voto
1776 3271 2126 3347 parentum
2158 3264 2613 3332 affectantium
2645 3283 2909 3334 succes-

527 3374 777 3440 sionem
845 3391 1028 3438 suam
1106 3371 1368 3438 devolvi
1445 3373 1530 3436 ad
1606 3376 1928 3452 posterOS,
2006 3371 2369 3438 clementer
2444 3371 2914 3470 assentientes²

529 3477 845 3560 nolumus,
877 3479 1051 3558 quod
1080 3477 1327 3560 liberis,
1348 3475 1502 3542 filiis
1529 3481 1598 3541 et
1624 3475 1886 3542 filiabus
1912 3493 2028 3541 seu
2051 3474 2393 3560 fratribuS,
2425 3495 2735 3547 eorumve
2760 3476 2912 3543 filiis

531 3583 705 3648 infra
742 3588 1047 3663 quartam
1094 3583 1593 3666 generationem
1639 3580 2046 3666 extantibuS,
2093 3581 2373 3648 alicuius
2420 3570 2637 3648 nostri
2667 3581 2916 3648 subditi

529 3689 702 3752 bona
761 3689 847 3753 ad
914 3704 1035 3752 nos
1083 3691 1416 3766 tamquam
1475 3684 1809 3768 vacantia,
1870 3684 2000 3750 nisi
2054 3691 2327 3767 propter
2374 3686 2622 3752 crimen
2680 3687 2911 3753 confis-

526 3792 741 3857 canda
786 3789 1026 3873 forent,
1073 3790 1536 3875 devolvantur,
1583 3808 1703 3856 seu
1748 3796 1977 3856 nostro
2024 3789 2285 3856 aerario
2331 3791 2769 3874 applicent-ur.

735 3905 811 3970 V.
828 3905 1036 3970 Porro
1057 3907 1132 3969 ut
1157 3903 1294 3970 suis
1311 3891 1730 3968 'utilitatibus
1750 3901 1964 3970 nostri
1990 3903 2242 3971 subditi
2257 3903 2545 3984 quietius
2561 3903 2916 3970 intendant

528 4014 596 4075 et
641 4008 1039 4075 commodius
1085 4007 1579 4092 conquiescant,
1626 4009 1797 4074 hanc
1844 4007 1941 4074 eis
1988 4009 2288 4075 duximus
2334 4009 2558 4077 facere
2628 4009 2915 4092 gratiam

525 4111 893 4194 specialem,
939 4113 1112 4192 quod
1158 4112 1336 4177 ultra
1382 4117 1596 4177 metas
1644 4114 1836 4195 regni
1895 4113 2105 4179 nostri
2167 4114 2476 4180 Boemiae
2524 4118 2593 4178 et
2640 4113 2915 4178 marchi-

530 4223 766 4283 onatus
815 4215 1173 4298 Morauiae,
1234 4217 1320 4282 ad
1367 4234 1638 4296 quorum
1704 4215 2151 4285 defensionem
2212 4218 2567 4301 principes,
2612 4219 2917 4300 baroneS,

527 4321 782 4390 nobiles
828 4321 1018 4406 regni
1068 4320 1278 4387 nostri
1311 4319 1624 4388 Boemiae
1654 4327 1725 4390 et
1757 4323 2249 4390 marchionatus
2286 4322 2625 4390 Morauiae
2678 4327 2914 4389 contra
