3288 4973
1477 334 1820 394 -66-

452 544 610 609 dere
656 539 1030 607 tenebimur
1076 543 1146 605 et
1194 536 1635 620 promittimus
1681 542 2000 618 tanquam
2048 539 2223 604 bona
2267 536 2538 620 propria
2587 539 2841 603 nostra.

452 647 637 713 Idem
682 664 939 726 quoque
999 647 1058 710 d.
1121 662 1240 710 rex
1300 644 1373 710 B.
1435 643 1818 712 antedictus
1885 643 2114 710 liberis
2183 643 2434 710 nostris
2497 641 2567 708 in
2633 659 2840 726 regno

454 753 681 816 nostro
727 749 1117 833 Hungariae
1162 747 1387 815 facere
1421 753 1490 814 et
1522 767 1636 815 eos
1669 747 2028 814 defendere
2067 748 2412 815 tenebitur
2441 745 2590 812 vice
2622 763 2842 828 versa,

454 854 514 920 si
560 873 681 920 nos
729 856 932 939 (quod
978 852 1185 940 absit)
1232 854 1519 938 migrare
1564 853 1990 936 contingeret
2033 854 2117 918 ab
2163 853 2290 919 hac
2339 852 2505 918 luce.

658 959 752 1026 Ut
796 964 1018 1025 autem
1064 959 1231 1024 haec
1278 957 1495 1024 omnia
1540 963 1613 1024 et
1659 958 1919 1042 singula
1967 955 2335 1040 praemissa
2380 974 2459 1021 ac
2500 955 2700 1021 etiam
2737 973 2838 1036 ea,

452 1065 623 1142 quae
669 1063 737 1128 in
783 1062 1025 1128 unione
1070 1062 1257 1143 prius
1302 1061 1481 1128 inter
1526 1078 1647 1127 nos
1679 1069 1750 1128 et
1781 1061 2238 1145 saepedictum
2269 1078 2491 1142 regem
2524 1059 2834 1126 Boemiae

447 1165 679 1233 habita
723 1172 796 1233 et
841 1166 1151 1232 ordinata
1197 1171 1372 1249 sunt,
1417 1167 1487 1232 in
1533 1167 1836 1233 omnibus
1882 1172 1952 1232 et
1999 1185 2118 1248 per
2149 1165 2368 1232 omnia
2399 1169 2834 1247 permaneant

450 1288 709 1353 semper
768 1270 976 1354 salva,
1035 1271 1103 1337 in
1148 1269 1435 1337 ecclesia
1480 1271 1543 1337 S.
1587 1269 1635 1335 J
1636 1271 1829 1338 acobi
1885 1274 2060 1353 apud
2114 1269 2362 1336 fratres
2417 1269 2703 1335 minores
2765 1267 2837 1333 in

451 1375 731 1441 ciuitate
797 1381 1030 1441 nostra
1096 1373 1435 1455 Tyrnauia
1490 1393 1692 1456 super
1737 1393 2038 1458 magnum
2085 1375 2318 1458 altare,
2367 1371 2834 1455 praesentibus

449 1479 740 1546 testibus
784 1480 871 1544 ad
914 1479 1040 1545 hoc
1102 1477 1487 1560 specialiter
1546 1481 1951 1562 convocatiS,
2011 1479 2396 1562 iuravimuS,
2457 1475 2839 1543 testimonio

450 1587 1027 1650 sacrosanctorum
1104 1581 1613 1666 euangeliorum,
1691 1584 1864 1650 omni
1930 1582 2164 1650 fraude
2235 1587 2305 1648 et
2366 1582 2514 1649 dolo
2577 1581 2840 1646 omnino

452 1687 890 1769 cessantibus,
935 1685 1467 1758 irrevocabiliter
1510 1691 1581 1752 et
1624 1686 2102 1754 inviolabiliter
2147 1687 2530 1768 adimplere,
2573 1690 2726 1750 rata
2770 1690 2841 1750 et

449 1793 637 1858 firma
684 1809 947 1874 semper
1008 1795 1241 1857 tenere
1298 1795 1367 1858 et
1430 1792 1679 1856 habere
1738 1810 1819 1857 ac
1881 1797 2202 1874 perpetuo
2265 1794 2657 1870 observare3
2709 1805 2838 1855 nec

450 1897 686 1962 contra
729 1913 811 1961 ea
854 1894 964 1962 vel
1010 1913 1231 1962 eorum
1278 1895 1545 1976 aliquod
1588 1895 1723 1961 ullo
1767 1914 2052 1976 unquam
2099 1903 2396 1978 tempore
2431 1897 2512 1960 de
2544 1894 2685 1960 iure
2725 1891 2840 1959 vel

451 2001 531 2066 de
578 2000 760 2066 iacto
800 1998 1031 2065 facere
1075 1999 1185 2066 vel
1230 1999 1481 2066 venire.

660 2103 787 2169 Est
822 2109 1047 2168 autem
1075 2101 1257 2168 inter
1289 2108 1559 2168 caetera
1592 2104 2044 2187 constitutum,
2076 2105 2252 2186 quod
2281 2109 2420 2170 tam
2451 2100 2840 2184 saepedicta

450 2211 615 2274 nata
645 2205 933 2288 praefati
965 2208 1024 2272 d.
1073 2205 1251 2288 regis
1300 2207 1391 2290 B.,
1438 2225 1632 2287 quam
1679 2209 1882 2274 etiam
1925 2214 2322 2274 memoratus
2371 2207 2544 2275 filius
2590 2209 2838 2278 noster,

451 2313 601 2377 dum
634 2309 761 2378 sibi
790 2308 1057 2394 fuerint,
1090 2313 1164 2375 ut
1195 2311 1673 2394 praemittitur,
1705 2311 2223 2394 transmittendi,
2255 2311 2404 2378 sani
2427 2315 2499 2376 et
2521 2310 2840 2376 immunes

450 2417 533 2481 ab
608 2413 907 2480 omnibus
981 2413 1352 2482 defectibus
1426 2415 1668 2482 mentis
1736 2421 1806 2480 et
1871 2415 2188 2500 corporis,
2257 2415 2433 2482 sicut
2493 2416 2836 2497 condecet,

453 2521 851 2588 habeantur.

659 2624 740 2690 In
786 2642 1061 2703 quorum
1105 2623 1595 2705 praedictorum
1628 2630 1700 2690 et
1730 2626 1933 2691 robur
1963 2629 2357 2706 praesentes
2389 2622 2537 2692 fieri
2568 2624 2835 2690 litteras

450 2734 521 2795 et
564 2728 782 2812 sigillo
826 2732 1055 2794 nostro
1103 2728 1489 2795 authentico
1535 2727 1810 2796 fecimus
1855 2728 2178 2795 roborari.

656 2858 904 2924 Datum
952 2858 1309 2925 Tirnauiae
1358 2860 1517 2924 Idus
1566 2858 1942 2942 Februarii,
1988 2879 2045 2926 a.
2091 2858 2171 2923 D.
2223 2864 2405 2925 1327.

658 2988 777 3075 (A.
822 2988 921 3059 Κ.
952 3026 1039 3037 -
1068 2988 1176 3051 Ad
1204 2988 1402 3053 verba
1434 2987 1647 3071 Fejeod
1695 2988 1831 3056 VH.
1877 2990 1937 3056 3.
1987 2998 2046 3051 et
2097 2989 2454 3075 Ludewiqii
2495 2988 2836 3073 Reliquias

461 3091 528 3160 V.
572 3114 908 3156 excussum
968 3094 1151 3177 apud
1212 3090 1452 3177 Chytil.
1500 3089 1650 3158 Cod.
1703 3092 1866 3163 Mor.
1930 3092 2031 3161 VI.
2079 3093 2225 3159 327.
2283 3102 2344 3157 et
2396 3094 2580 3175 apud
2625 3090 2841 3155 Emler

450 3196 601 3282 1229.
649 3197 777 3263 ΙΙΙ.
822 3196 1041 3281 1274.)

652 3390 760 3456 58.
800 3386 1033 3456 Βο100
1065 3386 1219 3456 dux
1252 3386 1682 3474 opoliensis
1729 3386 2073 3457 declarat
2117 3406 2200 3457 se
2239 3406 2407 3457 esse
2453 3386 2834 3457 vasallum

449 3491 502 3561 J
503 3490 769 3561 oannis
816 3490 1028 3578 regis
1074 3494 1429 3578 respectu
1474 3494 1728 3561 terrae
1773 3490 2495 3577 Falkonbergensis.

1336 3615 1529 3682 1327.
1576 3615 1684 3681 18.
1731 3611 1952 3681 Febr.

656 3751 863 3805 Eodem
900 3754 1149 3816 tempore
1188 3752 1375 3821 (1327)
1425 3750 1587 3805 multi
1644 3752 1812 3805 duces
1867 3751 2133 3807 Poloniae
2193 3752 2266 3806 ad
2315 3750 2348 3807 J
2359 3766 2589 3807 oannem
2643 3766 2834 3821 regem

448 3838 722 3908 Boemiae,
760 3838 1087 3893 visitantem
1142 3853 1327 3892 eorum
1382 3838 1664 3907 termium,
1721 3844 1996 3893 venerunt
2050 3838 2211 3905 eique
2265 3838 2428 3893 fidem
2484 3846 2542 3892 et
2580 3840 2832 3893 dextram

448 3926 548 3980 sub
584 3926 759 3980 forma
794 3924 1041 3993 homagii
1076 3924 1321 3979 ultronei
1346 3926 1740 3995 praebuerunt,
1766 3926 1908 3979 Erat
1934 3925 2080 3979 enim
2105 3932 2240 3979 tunc
2265 3942 2364 3981 rex
2391 3926 2491 3980 sub
2519 3925 2622 3980 tali
2647 3925 2834 3980 inten-

446 4012 615 4083 tione,
653 4013 799 4080 quod
836 4012 1155 4067 cracoviam
1196 4027 1319 4065 cum
1356 4026 1528 4081 regno
1566 4012 1833 4067 Poloniae
1873 4011 1978 4067 sibi
2019 4013 2263 4069 ablatam
2309 4018 2538 4082 cuperet
2575 4014 2630 4067 in
2667 4027 2833 4067 manu

446 4099 634 4157 valida
669 4113 1015 4165 recuperare.
1055 4100 1269 4169 (chron.
1305 4102 1479 4153 Aurae
1518 4100 1756 4168 Reqiae.)

653 4210 780 4266 List
818 4212 993 4267 Bolka
1028 4212 1291 4267 kniezete
1330 4211 1662 4283 Opolskeho,
1717 4216 1782 4267 ze
1813 4212 1935 4283 jest
1988 4214 2094 4282 pod
2147 4214 2273 4268 leno
2330 4212 2498 4283 prijal
2551 4212 2620 4269 od
2673 4212 2833 4267 krale

446 4300 592 4355 Jana
629 4298 771 4353 zemi
810 4302 911 4353 svti
948 4298 1165 4355 Hlohov
1202 4300 1396 4353 Mensi.
1436 4300 1535 4369 (A.
1572 4300 1676 4371 K.)
