3288 4973
1369 340 1715 400 —49—

316 536 732 617 pervenerit
776 546 844 603 et
889 539 1143 607 tia-dita
1187 538 1392 607 fuerit
1439 542 1677 625 copula
1745 541 2058 623 maritali,
2121 546 2273 623 post
2323 541 2447 605 hoc
2506 540 2727 607 imme-

315 640 522 707 diate
591 642 820 725 elapso
879 661 1008 715 uno
1055 662 1230 709 anno
1289 644 1549 713 incolae
1609 646 1941 729 praedicti
2004 643 2301 713 universi
2366 648 2437 709 et
2484 644 2731 729 singuli

320 746 753 827 praedictam
821 748 1096 813 hemam
1162 767 1283 830 per
1349 768 1550 816 unum
1615 750 1959 833 fertonem,
2024 749 2155 817 vid.
2217 748 2381 815 XVI
2461 766 2729 833 grossos

323 850 510 933 den„
555 852 717 917 dare
765 854 848 917 de
895 852 1088 919 laneo
1135 852 1432 933 quolibet
1476 856 1898 923 tenebuntur.

552 954 1010 1021 Promittimus
1057 962 1427 1041 praeterea,
1473 958 1637 1025 nulli
1680 958 2099 1043 alienigenae
2145 956 2433 1036 aliquam
2466 955 2733 1021 muniti-

323 1076 534 1123 onem
595 1058 886 1143 regalem
945 1059 1054 1125 vel
1117 1066 1408 1126 castrum
1468 1062 1732 1141 aliquod
1795 1078 2049 1143 suppae
2108 1061 2370 1127 nomine
2431 1060 2539 1125 vel
2598 1060 2732 1126 alio

327 1179 754 1245 quocumque
801 1165 990 1230 modo
1051 1164 1464 1231 committere
1525 1166 1632 1232 vel
1678 1165 1901 1233 locare
1947 1172 2067 1232 aut
2114 1183 2259 1231 eum
2304 1164 2733 1248 burgravium

323 1266 570 1333 facere
614 1267 684 1334 in
731 1266 1002 1349 eisdem,
1045 1268 1175 1335 nisi
1221 1275 1481 1335 tantum
1528 1270 1808 1336 BoemiS.

551 1371 906 1437 Caeterum
951 1373 1108 1451 quia
1154 1372 1324 1439 bene
1371 1376 1568 1439 decet
1629 1380 1705 1439 ut
1764 1375 2221 1457 unusquisque
2278 1373 2346 1439 in
2410 1388 2529 1436 suo
2582 1370 2736 1454 Jure

324 1481 674 1559 servetur,
737 1476 1180 1557 promittimus
1251 1478 1588 1560 praefatos
1653 1478 1904 1544 incolas
1968 1484 2229 1543 nostros
2304 1476 2373 1541 in
2437 1476 2734 1541 omnibus

325 1581 636 1661 ipsorum
675 1580 936 1665 juribus
981 1570 1258 1648 firmiter
1319 1586 1552 1648 tenere
1599 1586 1671 1649 et
1712 1582 1913 1648 etiam
1964 1598 2380 1661 conservare,
2438 1598 2561 1645 nec
2623 1598 2736 1645 eos

330 1688 584 1749 contra
620 1682 732 1765 jus
781 1684 1166 1766 aliqualiter
1211 1689 1626 1767 perturbare.

553 1788 698 1855 Hoc
743 1794 970 1855 autem
1014 1792 1232 1857 omnia
1276 1798 1346 1857 et
1381 1790 1646 1873 singula
1676 1791 1813 1857 Nos
1846 1788 2291 1871 promittimus
2324 1792 2735 1855 servaturos.

554 1928 703 1993 Dat.
750 1928 1012 2011 Pragae
1057 1949 1116 1995 a.
1163 1929 1243 1995 D.
1293 1935 1480 2014 1323,
1529 1928 1723 1995 ΧΠΙ.
1771 1929 1916 1994 Kal.
1966 1927 2398 2009 Septembris,

598 2064 717 2150 (A.
763 2064 859 2136 K.
906 2104 993 2115 --
1035 2064 1254 2132 Emler
1297 2066 1411 2135 III.
1459 2067 1634 2155 893.)

549 2274 658 2341 45.
691 2272 1110 2345 Promissio
1141 2274 1465 2345 Joannis
1497 2274 1713 2361 regis
1745 2275 1839 2344 de
1870 2275 2108 2345 berna
2146 2295 2282 2363 per
2314 2274 2733 2345 Mol-aviam

333 2396 494 2445 non
542 2376 1006 2463 recipienda.

1159 2468 1353 2554 1323,
1399 2470 1509 2538 28.
1555 2466 1918 2555 Augusti.

548 2623 686 2689 Nos
729 2623 777 2690 J
779 2643 1029 2690 oannes
1075 2630 1224 2708 etc.,
1262 2623 1799 2710 recognoscimus
1832 2631 1979 2707 etc.‚
2010 2644 2128 2691 nos
2159 2626 2243 2690 de
2276 2625 2735 2692 marchionatu

336 2733 574 2792 nostro
619 2727 966 2794 Mor-aviae
1033 2737 1104 2794 et
1173 2730 1256 2795 ab
1329 2731 1472 2814 ejus
1537 2729 1771 2797 incolis
1820 2729 2157 2811 recepisse
2203 2748 2429 2796 omnes
2474 2731 2738 2813 bernaS,

331 2849 508 2911 quas
559 2832 752 2899 nobis
782 2833 980 2916 juxta
1011 2833 1551 2900 consuetudinem
1586 2835 1914 2900 hactenus
1947 2837 2371 2900 observatam
2402 2852 2737 2914 precoro-

335 2933 612 3000 natione
687 2941 920 3002 nostra
979 2941 1050 3002 et
1115 2936 1466 3020 maritagio
1530 2955 1648 3003 seu
1712 2937 1950 3019 copula
2008 2937 2300 3002 maritali
2362 2944 2735 3003 nostrarum

337 3038 644 3123 filiarum,
689 3057 864 3119 quae
910 3045 1112 3106 natae
1159 3047 1318 3108 sunt
1367 3043 1784 3124 usquemodo,
1832 3043 2169 3107 debebant
2218 3046 2287 3108 et
2332 3043 2739 3107 tenebantur

335 3143 450 3208 vel
495 3146 823 3210 deberent
868 3149 990 3210 aut
1035 3153 1436 3212 tenerentur
1481 3147 1661 3211 dare.
1707 3147 2113 3212 Profitentes
2167 3145 2393 3228 etiam,
2449 3164 2570 3211 nos
2623 3147 2737 3228 jus

337 3249 426 3312 ad
469 3249 760 3330 aliquam
793 3251 1064 3316 bernam
1111 3249 1552 3331 recipiendam
1599 3257 1960 3332 propterea
1992 3250 2274 3316 ulterius
2306 3268 2437 3314 non
2468 3252 2735 3332 habere,

335 3370 419 3418 ac
503 3355 991 3438 promittentes,
1069 3355 1240 3434 quod
1301 3375 1342 3420 a
1402 3353 1602 3420 dictis
1685 3355 1919 3421 incolis
1989 3361 2059 3420 et
2128 3358 2209 3420 de
2279 3355 2735 3420 marchionatu

343 3457 686 3537 praedicto
759 3460 1108 3525 occasione
1186 3459 1558 3543 huJusmodi
1635 3459 1745 3525 vel
1820 3460 1955 3526 alia
2031 3478 2441 3540 quacumque
2532 3476 2737 3524 causa

340 3579 675 3641 nunquam
733 3562 1008 3628 inantea
1069 3563 1356 3642 aliquam
1419 3562 1817 3644 recipiemus
1879 3567 2171 3647 bernam,
2232 3583 2357 3629 nec
2418 3568 2741 3646 petemus,

345 3665 470 3731 nisi
519 3673 802 3750 tantum,
863 3667 919 3732 si
969 3667 1159 3734 nobis
1205 3667 1468 3748 aliquae
1528 3667 1706 3734 filiae
1768 3674 1920 3748 post
1978 3670 2203 3734 datam
2264 3667 2735 3751 praesentium,

341 3769 740 3851 disponente
786 3771 1014 3837 divina
1059 3773 1298 3856 gratia,
1344 3778 1805 3857 nascerentur,
1852 3778 1921 3837 et
1968 3779 2126 3839 tunc
2174 3793 2291 3854 pro
2339 3772 2493 3854 illis,
2558 3773 2740 3838 vide·

343 3874 502 3940 licet
563 3894 680 3957 pro
747 3876 1048 3956 qualibet
1094 3895 1338 3958 earum,
1385 3879 1537 3942 dum
1604 3877 1689 3941 ad
1758 3894 1967 3942 annos
2029 3877 2289 3942 nubiles
2352 3877 2743 3957 pervenerit

343 3986 414 4043 et
460 3981 714 4046 tradita
757 3979 966 4046 fuerit
1012 3983 1289 4061 copulae
1339 3981 1653 4063 maritali,
1711 3987 1862 4062 post
1908 3981 2031 4046 hoc
2079 3981 2455 4046 immediate
2520 3980 2743 4062 elapso

344 4101 478 4148 nno
543 4103 718 4151 anno
783 4086 1040 4152 incolae
1110 4084 1440 4165 praedicti
1499 4083 1797 4150 universi
1876 4089 1945 4150 et
2008 4084 2253 4169 singuli
2324 4085 2739 4166 praedictam

337 4187 612 4252 bernam
681 4207 802 4270 per
869 4207 1066 4255 unum
1134 4187 1476 4272 fertonem,
1537 4187 1668 4254 vid.
1734 4189 2021 4254 sedecim
2087 4207 2353 4271 grossos
2412 4189 2738 4272 denariOS,

336 4293 502 4356 dare
547 4294 629 4359 de
679 4293 874 4360 laneo
921 4293 1218 4374 quolibet
1265 4295 1695 4359 tenebuntur.

448 4426 594 4471 Codex
616 4429 701 4480 jur.
741 4431 842 4472 boh.
869 4429 923 4470 11.
962 4435 998 4471 ι.
2626 4383 2661 4432 4
