3288 4973
1376 280 1633 341 —465
1696 310 1764 321 --

373 481 563 547 nensi
611 498 819 562 prope
852 480 1017 560 Usk,
1050 498 1255 561 super
1284 480 1552 547 flumine
1584 481 1852 547 Bielina
1883 480 2036 563 sita,
2067 480 2411 561 majestati
2442 478 2771 561 imperiali

372 586 636 667 pariter
684 592 757 651 et
800 586 1029 668 regiae
1074 590 1349 652 nostrae
1396 586 1720 670 dignitati
1767 604 1912 653 cum
1962 586 2192 653 debita
2252 585 2626 652 humilitate
2671 584 2770 649 in-

372 690 646 756 sinuare
694 698 765 755 et
812 689 1195 777 supplicare
1242 694 1580 774 curarunt,
1626 698 1975 769 quatenus,
2041 708 2184 755 cuni
2246 688 2376 771 ipsi
2421 693 2491 753 et
2537 704 2772 769 proge-

370 794 629 859 nitores
675 792 969 874 ipsorum
1015 792 1153 858 sint
1196 801 1267 858 et
1312 792 1568 859 fuerint
1620 811 1663 859 a
1709 792 2087 873 primordiis
2149 791 2482 858 incolatus
2541 798 2768 857 terrae

370 904 443 963 et
488 896 685 980 regni
731 896 944 962 nostri
992 895 1070 961 Β.
1119 896 1403 963 heredes
1450 894 1664 977 liberi,
1729 894 1975 961 diedici
2023 903 2095 960 et
2139 895 2398 961 incolae
2453 894 2647 975 primi
2700 900 2772 961 et

366 999 722 1068 novissimi
764 999 967 1066 villae
1012 1000 1235 1065 dictae
1283 998 1573 1082 Stadicz,
1621 1006 1846 1067 terrae
1893 1004 1966 1063 et
2010 998 2436 1081 praediorum
2481 1016 2770 1079 suorum,

365 1107 609 1185 quibus
656 1103 759 1171 usi
802 1108 961 1170 sunt
1003 1101 1413 1170 hereditario
1451 1104 1603 1186 jure
1649 1102 2064 1185 inconcusse,
2121 1102 2188 1169 in
2237 1102 2438 1169 nullis
2489 1120 2762 1182 prorsus

366 1207 791 1290 factionibus,
838 1208 1148 1275 censibus
1192 1224 1311 1274 seu
1340 1206 1492 1273 aliis
1527 1206 1991 1273 exactionibus
2025 1209 2134 1273 vel
2166 1206 2462 1289 angariis
2495 1204 2766 1287 quibus-

372 1330 655 1395 cunque,
703 1312 1012 1394 realibus‚
1061 1310 1527 1393 personalibus
1576 1316 1780 1391 atque
1825 1310 2074 1392 mixtiS‚
2133 1312 2418 1393 cuipiam
2486 1309 2772 1393 obnoxii,

370 1424 573 1499 prout
633 1417 803 1483 haec
854 1416 923 1481 in
971 1415 1185 1499 gestis
1233 1422 1304 1481 et
1348 1414 1538 1481 libris
1586 1415 1920 1481 chronicis
1967 1421 2194 1481 terrae
2241 1420 2310 1480 et
2356 1414 2548 1497 regni
2597 1414 2675 1482 B.
2724 1434 2764 1480 a

370 1521 785 1603 temporibus
833 1520 1267 1603 Prziemislai,
1311 1520 1506 1602 primi
1560 1522 1748 1587 ducis
1814 1521 2208 1586 Boemorum
2282 1518 2434 1586 inde
2488 1520 2571 1585 de
2619 1525 2772 1600 post

370 1630 605 1691 aratro
650 1624 974 1706 assumpti
1022 1630 1093 1691 et
1137 1625 1205 1690 in
1253 1626 1485 1691 ducem
1527 1626 1603 1691 Β.
1650 1624 1994 1705 magnifice
2043 1624 2402 1706 sublimati,
2448 1622 2651 1689 latins
2698 1628 2767 1688 et

369 1729 639 1809 plenius
677 1728 1121 1809 continentur,
1156 1730 1429 1794 tandem
1461 1744 1676 1808 nuper
1705 1744 1836 1793 non
1865 1727 2094 1795 multis
2125 1728 2484 1795 retroactis
2518 1732 2769 1808 tempo-

372 1830 559 1897 ribus
596 1834 883 1913 praei‘ati
928 1832 1215 1898 heredes
1260 1838 1332 1897 et
1377 1832 1561 1897 dicta
1608 1831 1772 1897 villa
1817 1850 1966 1898 cum
2012 1831 2154 1896 suis
2187 1830 2615 1913 pertinentiis
2647 1850 2768 1911 per

372 1935 685 2019 injuriam
731 1942 801 2001 et
844 1934 1017 2001 forte
1065 1936 1505 2017 ignorantiam
1553 1935 1840 2001 forsitan
1890 1954 2184 2001 crassam
2230 1942 2302 2001 et
2346 1936 2652 2017 supinam
2683 1938 2768 2001 ab

370 2039 627 2123 inclyto
658 2040 957 2121 principe
984 2040 1182 2105 divae
1208 2039 1560 2105 memoriae
1582 2040 1630 2107 J
1633 2056 1865 2121 oanne,
1889 2039 1962 2105 B.
1988 2057 2168 2123 rege,
2193 2038 2441 2105 illustri
2463 2037 2768 2119 genitore

370 2152 625 2226 nostru,
649 2143 805 2209 olim
828 2142 1113 2209 Henrico
1147 2145 1228 2209 de
1261 2144 1477 2225 Lippa
1506 2149 1740 2209 contra
1769 2144 2148 2225 praedictas
2175 2142 2527 2208 libertates
2554 2142 2770 2207 minus

374 2248 652 2328 provide
676 2246 929 2314 fuerint
954 2265 1289 2331 concessa,
1313 2248 1524 2329 quiet
1554 2247 1671 2314 alii
1695 2248 1940 2314 dictam
1967 2246 2192 2313 villam
2219 2246 2318 2311 sic
2343 2264 2552 2325 usque
2577 2248 2766 2312 modo

372 2357 778 2435 occupantes
802 2351 1167 2431 praedictis
1194 2350 1549 2417 heredibus
1576 2357 1814 2418 contra
1837 2352 2190 2419 libertates
2222 2350 2515 2432 ipsorum
2569 2368 2768 2429 quam
2825 2399 2830 2404 ,

374 2454 691 2540 plurimas
717 2456 983 2523 interim
1006 2457 1471 2539 oppressiones
1498 2454 1806 2523 fecerunt
1841 2493 1902 2504 ——
1932 2454 2354 2540 dignaremur
2377 2472 2522 2521 cum
2547 2454 2645 2522 eis
2681 2456 2762 2521 de

368 2561 569 2628 solita
615 2561 891 2641 pietatis
936 2561 1163 2644 regiae
1202 2562 1625 2642 benignitate
1658 2562 1946 2643 gratiam
1980 2559 2341 2642 specialem
2371 2558 2618 2642 facere,
2651 2577 2767 2625 eos

367 2673 439 2730 et
482 2666 771 2731 heredes
818 2665 1107 2746 ipsorum
1153 2665 1517 2731 restituere
1565 2665 1870 2731 libertati
1930 2665 2275 2747 pristinae,
2337 2665 2648 2746 ipsosque
2699 2662 2766 2727 in

368 2770 511 2835 suis
550 2768 813 2852 juribus
862 2768 1221 2848 primaevis
1270 2769 1633 2850 gratiosius
1684 2771 2056 2833 confovere.

580 2872 718 2938 Nos
765 2873 992 2955 itaque
1024 2874 1457 2938 attendentes
1482 2872 1758 2957 ..illorum
1791 2870 2225 2938 rationabiles
2261 2870 2768 2952 postulationes,

371 2977 716 3059 praefatas
759 2976 1133 3059 libertateS,
1173 2977 1328 3060 jura
1376 2981 1447 3041 et
1493 2979 1832 3042 commoda
1871 2975 2089 3041 omnia
2123 2981 2193 3041 et
2225 2975 2492 3058 singula
2523 2993 2772 3058 eorum,

370 3100 545 3162 quae
590 3088 661 3147 et
704 3099 871 3161 quas
918 3079 1205 3160 ipsorum
1248 3081 1715 3164 progenitores
1755 3085 1824 3146 et
1856 3079 1984 3160 ipsi
2017 3097 2162 3146 cum
2212 3085 2499 3159 quatuor
2549 3078 2766 3144 laneis

369 3192 597 3252 terrae
642 3185 958 3268 agrisque
1004 3183 1143 3250 suis
1190 3187 1260 3248 et
1305 3183 1734 3264 pertinentiis
1799 3183 2100 3250 omnibus
2163 3181 2466 3263 pristinis
2515 3188 2584 3248 et
2633 3181 2766 3263 pri-

368 3289 621 3356 maevis
654 3290 723 3355 in
754 3306 955 3371 saepe
988 3289 1171 3355 dicta
1202 3289 1362 3352 villa
1396 3287 1670 3354 Stadicz
1697 3339 1709 3352 .
1741 3337 1789 3354 ..
1819 3287 2013 3368 plene
2050 3291 2122 3353 et
2154 3285 2535 3368 plenissime
2567 3286 2766 3352 resti-

367 3395 633 3476 tuimus·‚
677 3393 1076 3460 conferimus
1124 3398 1195 3458 et
1241 3393 1558 3458 donamus
1604 3407 1810 3472 saepe
1857 3391 2058 3456 dictis
2103 3389 2479 3471 heredihuS,
2533 3389 2768 3456 liberis

366 3507 437 3566 et
480 3497 843 3566 heredibus
889 3515 1115 3564 eorum
1147 3495 1495 3576 utriusque
1534 3513 1736 3562 sexus
1770 3513 1854 3561 ex
1887 3495 1985 3561 eis
2017 3494 2317 3578 legitime
2351 3493 2724 3575 procreatis
2751 3519 2766 3574 3

368 3605 663 3685 reliquos
735 3620 897 3668 vero
972 3607 1115 3667 tres
1186 3605 1413 3666 terrae
1487 3600 1716 3666 laneos
1791 3599 2035 3665 ibidem
2121 3599 2188 3662 in
2267 3597 2556 3680 Stadia,
2648 3597 2760 3677 qui

366 3707 640 3774 fuerunt
700 3705 864 3772 dicti
922 3703 1331 3784 Prziemisle‚
1393 3721 1693 3784 quosque
1754 3702 2043 3783 propriis
2107 3699 2400 3767 excoluit
2445 3701 2766 3780 manibus,

366 3830 487 3894 pro
576 3811 771 3877 nobis
848 3815 917 3876 et
991 3808 1491 3877 successoribus
1584 3808 1854 3888 nostriS,
1945 3807 2018 3872 B.
2095 3806 2386 3887 regibuS,
2461 3804 2768 3871 duximus

370 3919 835 4005 reservandos,

574 4021 969 4088 Eximentes
1017 4037 1131 4086 eos
1180 4023 1251 4084 et
1294 4018 1585 4099 ipsorum
1630 4016 1878 4082 liberos
1927 4019 1998 4080 et
2028 4015 2312 4081 heredes
2345 4015 2430 4079 ab
2465 4013 2766 4078 omnibus

368 4125 661 4208 tributis,
731 4125 1039 4191 censibus
1100 4121 1336 4189 annuis
1397 4129 1469 4187 et
1532 4119 1973 4185 solutionibus
2041 4119 2488 4199 pecuniarum,
2557 4115 2767 4198 grani,

368 4229 687 4297 frumenti
748 4248 869 4296 seu
934 4225 1292 4295 cuiuslibet
1350 4241 1672 4306 annonae,
1734 4240 1992 4289 necnon
2037 4224 2123 4288 ab
2171 4221 2473 4287 omnibus
2521 4227 2589 4285 et
2635 4219 2767 4285 sin-

479 4383 627 4426 eodo
658 4383 737 4430 int.
770 4383 868 4424 boh.
905 4383 961 4423 11.
992 4389 1027 4424 1.
2491 4359 2559 4410 30
