3288 4973
1315 399 1700 458 —129—

523 599 622 664 Ex
665 615 988 665 converso
1035 598 1208 664 idem
1267 599 1484 666 frater
1540 604 1787 683 noster,
1849 618 1969 666 rex
2033 600 2364 683 Boemiae,
2420 601 2565 668 sive
2628 601 2701 668 in

338 701 540 768 eodem
584 707 770 769 statu
817 707 888 770 et
933 703 1182 769 honore
1227 704 1432 788 regi0,
1463 722 1590 785 quo
1623 722 1816 781 nunc,
1846 703 2173 788 extiterit,
2205 706 2352 780 sive
2382 704 2451 770 in
2482 723 2704 786 quem-

338 824 570 888 cunque
615 806 812 874 alium
871 805 1367 872 eminentiorem
1423 813 1674 875 statum
1739 814 1809 875 et
1868 809 2179 876 honorem
2241 809 2533 876 feliciter
2590 811 2700 876 de-

337 912 543 978 veniat
607 916 678 977 et
746 911 1043 976 abundet
1113 930 1260 977 cum
1327 911 1480 977 filiis
1547 913 1689 980 suis
1756 913 2124 995 praedictis
2200 919 2272 981 et
2346 913 2701 981 heredibus

336 1032 550 1098 eorum,
602 1034 741 1098 noS,
787 1014 957 1082 filios
1020 1021 1284 1080 nostros
1349 1020 1418 1080 et
1476 1015 1757 1082 filiorum
1825 1023 2200 1082 nostrorum
2270 1019 2553 1084 heredes
2620 1035 2701 1083 ac

333 1137 512 1199 regna
555 1125 808 1202 nostra,
855 1124 1088 1185 contra
1135 1137 1359 1186 omnes
1408 1124 1477 1184 et
1524 1119 1860 1199 quoslibet
1898 1119 2213 1204 homineS‚
2246 1121 2697 1201 cujuscunque

330 1221 568 1288 honoris
631 1226 704 1287 et
747 1222 1314 1305 praeeminentiae
1362 1222 1578 1289 titulis
1623 1222 2142 1306 praefulgentes
2198 1223 2380 1290 nullo
2426 1225 2695 1306 penitus

330 1331 602 1409 excepto,
650 1331 1013 1392 teneantur
1044 1331 1113 1392 et
1145 1327 1454 1409 debeant,
1499 1332 1699 1408 prout
1730 1326 1965 1392 melius
1997 1333 2333 1410 poterunt,
2366 1333 2693 1410 perpetuo

329 1428 640 1510 adjuvare.
705 1431 1158 1512 Expressione
1225 1429 1423 1496 simili
1484 1430 1837 1512 mediante,
1920 1432 2157 1512 quodsi
2221 1445 2415 1497 extra
2477 1438 2693 1497 metas

327 1551 644 1614 regnorum
691 1539 1068 1600 nostrornm
1115 1551 1500 1615 processum
1546 1533 1855 1599 hostilem
1892 1539 2125 1601 contra
2156 1539 2423 1602 nostros
2454 1536 2691 1601 adver-

326 1637 529 1721 sariOS,
578 1636 836 1704 vicinos
905 1643 975 1703 et
1044 1639 1352 1719 confineS,
1421 1655 1540 1702 nos
1611 1637 1718 1702 vel
1786 1637 1906 1704 filii
1977 1638 2193 1705 nostri
2268 1643 2385 1704 aut
2460 1655 2687 1704 eorum

323 1741 576 1808 heredes
624 1742 1082 1808 habuerimus:
1147 1743 1322 1822 quod
1368 1746 1526 1807 tunc
1572 1759 1713 1824 nos,
1774 1740 1943 1808 filios
2004 1747 2269 1808 nostros
2332 1746 2403 1808 et
2462 1759 2687 1808 eorum

326 1843 580 1912 heredes
624 1845 771 1927 ipse
817 1863 935 1912 rex
981 1844 1312 1927 Boemiae,
1357 1843 1476 1910 filii
1523 1846 1630 1911 sui
1675 1850 1745 1912 et
1776 1846 2053 1912 filiorum
2086 1863 2349 1912 suorum
2385 1846 2691 1929 heredes,

323 1949 393 2013 ad
432 1949 816 2031 petitionem
863 1954 1179 2030 nostram,
1223 1949 1442 2030 gentis
1490 1967 1714 2016 eornm
1761 1949 2133 2032 armigerae
2180 1955 2251 2016 et
2295 1949 2689 2032 sagittariae

321 2053 605 2137 subsidi0,
629 2053 778 2120 sine
808 2052 1045 2120 fraude
1077 2056 1147 2118 et
1177 2051 1345 2144 dol0,
1374 2058 1574 2134 prout
1603 2052 1839 2120 melius
1870 2057 2207 2135 poterunt,
2257 2055 2686 2138 adjuvabunt.

499 2157 571 2222 Si
602 2159 824 2223 antem
855 2161 1070 2222 metas
1103 2173 1452 2238 regnorum
1483 2162 1857 2224 nostrorum
1890 2158 2219 2240 quispiam
2250 2158 2361 2224 vel
2392 2157 2684 2239 quipiam

315 2259 712 2345 intraverint,
758 2279 878 2327 nos
925 2261 1036 2327 vel
1081 2259 1251 2327 filios
1297 2264 1562 2328 nostros
1608 2269 1745 2328 aut·
1772 2279 1995 2328 eorum
2044 2262 2327 2328 heredes
2360 2278 2440 2327 ac
2471 2277 2681 2342 regna

313 2367 524 2430 nostra
585 2365 923 2432 hostiliter
988 2364 1323 2431 invasuri:
1393 2383 1476 2430 ex
1543 2369 1706 2432 tunc
1772 2366 1917 2448 ipse
1978 2365 2191 2430 frater
2250 2369 2500 2447 noster,
2562 2383 2685 2432 rex

311 2467 592 2537 Boemiae
663 2472 735 2536 et
810 2467 930 2535 filii
989 2467 1093 2536 sui
1152 2485 1234 2536 ac
1295 2486 1518 2536 eorum
1585 2471 1889 2556 heredeS,
1960 2488 2106 2537 cum
2168 2473 2315 2536 tota
2383 2467 2679 2551 ipsorum

312 2573 576 2651 potentia
652 2574 842 2657 regni
909 2574 1240 2657 Boemiae,
1301 2577 1388 2639 ad
1446 2573 1947 2655 requisitionem
2005 2578 2322 2651 nostram,
2386 2573 2671 2640 filiorum

205 2695 214 2707 ·
311 2693 412 2742 seu
449 2678 763 2744 heredum
809 2681 1203 2762 nostrorum,
1249 2679 1393 2745 sine
1439 2676 1673 2745 fraude
1706 2682 1776 2745 et
1807 2679 1976 2763 dole,
2009 2677 2453 2761 personaliter
2485 2682 2675 2743 tene-

313 2786 494 2847 antur
536 2788 603 2848 et
647 2783 941 2849 debeant
986 2781 1326 2864 adJuvare.

487 2886 849 2978 Praeterea
887 2886 1351 2969 promittimus,
1381 2885 1701 2967 fugitivos
1736 2890 1804 2953 et
1840 2884 2150 2967 profugos
2182 2904 2301 2952 seu
2333 2886 2669 2966 quoslibet

311 2989 688 3073 proscriptos
765 2992 850 3057 de
925 3008 1126 3073 regno
1190 2990 1502 3056 Boemiae
1577 2992 1663 3055 ad
1723 3007 1931 3073 regna
1998 2994 2229 3057 nostra
2296 2990 2649 3057 venientes

307 3090 654 3162 nullatenus
694 3094 1027 3177 colligere,
1072 3112 1196 3160 nec
1241 3113 1362 3177 per
1407 3095 1780 3176 quempiam
1825 3098 2200 3160 nostrorum
2247 3112 2367 3159 seu
2414 3096 2501 3161 ad
2546 3113 2666 3160 nos

305 3197 752 3273 pertinentium
821 3198 1121 3281 recolligi
1197 3203 1266 3264 et
1341 3198 1614 3267 assumi
1658 3199 2083 3280 aliquatenus
2152 3199 2504 3265 sustinere.
2578 3198 2671 3264 Et

301 3298 580 3369 similiter
640 3304 816 3369 idem
879 3301 1094 3368 frater
1151 3307 1400 3385 noster,
1459 3320 1580 3369 rex
1637 3302 1966 3386 Boemiae,
2042 3301 2161 3369 filii
2236 3308 2305 3367 et
2379 3300 2661 3369 filiorum

303 3400 570 3491 heredes,
624 3405 1060 3490 proscriptos,
1103 3405 1412 3489 profugos
1467 3412 1536 3473 et
1597 3405 1917 3489 fugitivos
1980 3409 2063 3474 de
2119 3407 2344 3490 regnis
2409 3406 2663 3472 nostris

305 3508 378 3572 ad
415 3528 672 3591 regnum
735 3509 1046 3577 Boemiae
1093 3515 1522 3577 transeuntes
1570 3510 1883 3593 colligere
1930 3515 2049 3578 aut
2108 3528 2230 3594 per
2288 3510 2660 3592 quempiam

306 3610 378 3677 ad
417 3629 519 3679 eos
561 3616 1003 3697 spectantium
1043 3614 1341 3697 recolligi
1371 3616 1440 3681 in
1471 3634 1679 3699 regno
1711 3616 2023 3691 Boemiae
2057 3621 2127 3681 et
2158 3615 2298 3681 suis
2332 3614 2663 3695 contiguis

306 3717 692 3793 pertinentiis
723 3719 1104 3785 nullatenus
1135 3720 1508 3802 patientur3
1542 3721 1690 3803 imo,
1722 3719 2240 3786 denunciatione
2270 3717 2454 3783 facta
2497 3716 2656 3783 hinc

305 3816 438 3885 inde
467 3840 580 3904 per
616 3842 758 3905 nos,
782 3838 998 3907 regeS,
1025 3825 1308 3891 heredes
1343 3831 1460 3889 aut
1492 3823 1812 3890 officiales
1836 3842 2187 3907 regnorum
2211 3827 2664 3904 utrorumque,

303 3927 672 4009 proscriptos
719 3927 1095 3995 huiusmodi
1140 3930 1220 3994 de
1266 3928 1492 4011 regnis
1537 3928 1787 3995 nostris
1834 3928 2191 4009 utrobique
2234 3924 2658 3992 excludemus

303 4029 360 4089 et
397 4030 642 4097 excludi
686 4031 1055 4097 omnimode
1100 4030 1436 4100 faciemus,

469 4133 851 4218 Praeterea,
897 4134 956 4199 si
1003 4134 1180 4201 inter
1223 4153 1364 4219 n03‚
1407 4135 1578 4229 filios
1626 4141 1891 4202 nostros
1938 4140 2058 4200 aut
2102 4133 2385 4199 heredes
2422 4150 2649 4199 eorum

303 4248 369 4296 ex
391 4252 508 4305 una
533 4244 752 4322 parte,
793 4254 874 4304 ac
919 4238 1212 4305 dominos
1245 4238 1596 4306 Albertum
1625 4246 1697 4306 et
1729 4239 2061 4321 Ottonem,
2096 4239 2300 4303 duces
2336 4236 2656 4304 Austriae

303 4339 358 4399 et
393 4336 656 4425 Styriae
689 4361 771 4408 ac
833 4358 1058 4409 eorum
1123 4343 1406 4410 heredes
1471 4362 1552 4409 ex
1615 4344 1850 4426 altera,
1896 4359 2285 4423 quocunque
2353 4346 2651 4423 tempore

387 4474 517 4520 coda
544 4478 626 4531 jm.
662 4480 761 4522 boh.
789 4480 845 4521 11.
884 4485 919 4520 1.
2416 4464 2447 4514 9
