3288 4973
1614 275 1986 334 -432—

822 536 865 566 .,
950 543 985 584 0
1032 513 1115 576 2211·
1156 495 1490 566 clementer
1532 476 1849 558 instituit,
1906 477 2173 561 juribus
2242 483 2311 541 et
2373 477 2676 558 potentia
2733 475 2978 541 fuerint

662 538 1069 692 fideiijhegtixi’is
1113 586 1418 666 destituti.
1466 581 1609 663 Quo
1655 583 1751 661 fit,
1797 589 1873 646 ut
1921 581 2292 664 principum
2333 581 2780 662 quorumlibet
2811 598 2982 645 emu-

638 645 877 796 ἒῑῗξεὲε
928 701 1289 777 nobilitates
1319 693 1389 750 et
1416 686 1567 768 jura
1598 683 1961 766 diligenter
1992 685 2318 750 custodiri
2343 686 2636 750 debeant
2665 691 2736 749 et
2765 685 2834 749 in
2865 702 2981 748 sua

626 767 1005 901 integritate
1036 791 1299 870 servari,
1329 807 1408 852 ac
1440 788 1701 854 illorum
1733 789 2035 871 maxime,
2066 789 2181 868 qui
2211 793 2530 868 tanquam
2555 788 2979 854 fundamenta

624 937 691 992 et
722 921 1047 988 columnae
1076 893 1474 962 fortissimae
1510 893 1684 958 sacri
1731 891 2108 973 Imperialis
2155 891 2443 960 aedificii
2489 893 2796 958 thronum
2839 909 2980 958 cae-

614 1035 869 1088 sareum
910 1001 1113 1088 gratis
1157 997 1477 1061 attollunt
1521 997 1891 1076 decoribuS,
1923 997 2426 1079 quibuscunque
2460 996 2588 1062 Dei
2619 995 2841 1078 gratia
2873 997 2978 1078 pia

608 1113 983 1200 djgnatione
1026 1101 1307 1167 tradidit
1338 1119 1487 1166 eum
1521 1101 1786 1182 eligere,
1820 1101 2006 1165 cuius
2041 1100 2344 1182 potentia
2389 1100 2597 1166 totius
2629 1100 2978 1166 mundialis

604 1217 935 1286 machinae
982 1206 1245 1286 regitur.
1284 1205 1689 1272 monarchia.

800 1315 972 1379 Sane
1017 1309 1176 1374 licet
1223 1311 1306 1374 de
1344 1309 1609 1392 juribus
1657 1309 2066 1374 serenissimi
2113 1308 2453 1391 principis,
2507 1309 2751 1373 domini
2801 1309 2973 1391 regis

596 1418 901 1488 Boemiae
948 1414 1278 1488 electoris,
1324 1413 1759 1481 illustrissimi
1808 1413 2257 1494 conprincipis
2303 1419 2373 1477 et
2419 1412 2712 1494 collegae
2743 1413 2972 1496 nostri,

592 1523 769 1588 nulla
834 1519 925 1583 sit
990 1523 1107 1582 aut
1168 1517 1374 1582 fuerit
1430 1518 1603 1600 juris
1675 1535 1795 1583 seu
1855 1517 2018 1584 facti
2081 1517 2409 1598 dubietaS,
2469 1518 2628 1597 quin
2687 1518 2833 1598 ipse
2892 1521 2970 1582 ab

591 1623 829 1702 ataviS,
877 1623 1161 1703 proavis,
1228 1622 1373 1686 avis
1420 1627 1490 1687 et
1536 1621 2074 1704 progenitoribus
2135 1625 2293 1704 suiS,
2354 1623 2437 1687 ad
2484 1622 2703 1687 instar
2761 1623 2972 1688 nostri

588 1735 656 1794 et
716 1725 1159 1806 quorumlibet
1222 1725 1499 1791 aliorum
1561 1727 2004 1792 coelectorum
2072 1727 2442 1807 principum
2511 1727 2578 1791 in
2647 1725 2970 1792 electione

584 1831 863 1897 Romani
912 1830 1089 1909 regis
1135 1831 1217 1918 ad
1264 1831 1610 1911 imperium
1661 1831 2094 1910 promovendi
2142 1828 2335 1912 pleno
2391 1833 2540 1912 jnre
2587 1831 2680 1896 sit
2723 1829 2964 1896 fruitus

584 1936 908 2000 hactenus
956 1939 1028 1999 et
1070 1933 1351 2016 fruatur,
1416 1934 1592 2000 sicut
1636 1934 1763 2000 hoc
1819 1937 1965 2000 luce
2028 1934 2274 2000 clarius
2337 1953 2601 2017 semper
2659 1935 2968 2017 apparuit

582 2043 665 2106 ab
726 2058 802 2103 eo
876 2045 1191 2120 tempore,
1262 2039 1449 2103 cuius
1508 2040 1687 2120 apud
1746 2039 2045 2105 homines
2122 2040 2436 2106 memoria
2509 2058 2638 2105 non
2699 2039 2960 2105 existit:

583 2154 805 2208 tamen
876 2142 1033 2223 quia
1081 2142 1375 2209 nonnulli
1423 2143 1541 2209 filii
1588 2147 2019 2210 tenebrarum
2083 2144 2292 2210 oculis
2353 2143 2888 2210 coecutientibus
2931 2162 2970 2207 a

581 2248 811 2313 divina
857 2247 1005 2312 luce
1052 2249 1310 2328 remoti,
1355 2250 1424 2312 in
1470 2249 1840 2314 meridiana
1906 2250 2221 2314 claritate
2283 2249 2615 2330 palpitant
2679 2250 2858 2314 sicut
2902 2249 2962 2313 in

581 2353 905 2433 noctibuS,
952 2357 1021 2416 et
1068 2352 1464 2418 offendicula
1524 2361 1595 2418 et
1653 2354 1928 2433 laqueos
1991 2361 2403 2434 praeparant
2463 2353 2842 2433 iniquitatis
2901 2359 2968 2417 et

580 2455 875 2539 sceleris,
922 2454 1252 2521 diabolica
1300 2456 1552 2522 invidia
1599 2463 2024 2541 suggerente,
2073 2460 2290 2541 jugum
2338 2457 2652 2525 veritatis
2707 2455 2965 2525 deferre

580 2580 741 2643 prae
790 2562 956 2625 mole
1004 2560 1381 2641 gravissimi
1430 2564 1742 2643 ponderis
1789 2563 2124 2644 coagulati
2167 2564 2495 2629 mendacii
2535 2570 2964 2645 nequeuntes,

578 2684 779 2747 super
822 2664 988 2744 ipsis
1036 2661 1447 2731 offendiculis
1498 2672 1818 2732 corruunt
1865 2681 1935 2731 et
1981 2686 2246 2733 suorum
2291 2668 2546 2747 laqueis
2594 2668 2962 2749 iniquorum

578 2774 1011 2850 conceptuum
1062 2788 1135 2834 se
1179 2769 1551 2848 involvunt,
1598 2778 1674 2834 ut
1719 2771 1932 2835 lucem
1981 2773 2298 2837 tenebras
2337 2772 2644 2855 judicent
2675 2783 2748 2838 et
2782 2782 2960 2839 tene·

580 2880 734 2939 bras
784 2876 994 2954 ipsam
1049 2873 1258 2937 lucem
1310 2911 1387 2919 —

787 2976 992 3058 igitur
1046 2978 1129 3041 ad
1179 2978 1686 3043 abundantioris
1751 2980 2056 3045 cautelae
2103 2981 2486 3062 prasidium,
2543 2988 2615 3047 ut
2665 2984 2972 3063 praefato.

577 3081 1001 3148 serenissimo
1048 3081 1353 3164 principi,
1400 3083 1657 3147 domino
1705 3084 1846 3165 regi
1906 3085 2230 3167 Boemiae,
2290 3086 2648 3151 heredibus
2706 3094 2778 3153 et
2823 3106 2962 3153 suc-

577 3187 951 3252 cessoribus
998 3186 1156 3266 suiS,
1202 3185 1469 3265 regibus
1518 3188 1846 3263 Boemiae,
1897 3190 1962 3254 in
2011 3198 2400 3272 perpetuum
2433 3192 2736 3256 securius
2773 3210 2957 3257 cave·

576 3300 728 3358 atur
792 3300 860 3356 et
928 3290 1213 3355 omnium
1282 3292 1698 3357 dubietatum
1763 3298 2192 3374 amputentur
2277 3294 2646 3361 calumniae
2730 3302 2802 3362 et
2879 3314 2957 3359 ne

575 3394 982 3476 quibuslibet
1029 3393 1243 3459 otiose
1289 3393 1710 3476 loquentibus
1759 3397 2157 3479 malignandi
2208 3397 2487 3465 materia
2525 3400 2956 3480 relinquatur,

572 3502 790 3565 animo
836 3499 1226 3579 deliberate,
1274 3515 1403 3564 non
1454 3518 1571 3579 per
1617 3519 1906 3566 errorem
1954 3508 2072 3567 aut
2118 3502 2504 3585 improvide,
2567 3506 2688 3569 sed
2749 3503 2952 3570 multa

572 3602 1087 3683 investigatione
1152 3604 1427 3683 praevia
1475 3614 1547 3669 et
1592 3623 1635 3669 a
1681 3606 1905 3670 multis
1968 3605 2266 3671 veridica
2326 3607 2795 3673 informatione
2857 3626 2952 3673 re·

574 3714 788 3787 cepta,
835 3713 1096 3770 maturo
1144 3707 1441 3789 consili0,
1488 3726 1617 3773 una
1665 3728 1808 3773 cum
1857 3709 2190 3776 universis
2246 3710 2399 3777 aliis
2455 3710 2954 3791 coelectoribus

569 3810 1104 3892 conprincipibus
1175 3818 1245 3878 et
1314 3812 1589 3895 collegis
1659 3815 1924 3897 nostriS,
1993 3822 2131 3880 tam
2216 3816 2677 3897 spiritualibus
2757 3834 2946 3895 quam

572 3915 1001 3997 secularibuS,
1058 3919 1138 3982 de
1189 3923 1377 3982 certa
1428 3925 1660 3984 nostra
1718 3918 2020 4001 scientia,
2069 3919 2623 4004 recognoscimus,
2670 3922 2945 3985 dicimus

572 4031 641 4087 et
684 4020 983 4086 dictante
1032 4020 1441 4086 conscientia
1503 4022 1765 4102 publice
1828 4025 2244 4104 profitemur:
2307 4024 2478 4103 qnod
2539 4023 2942 4089 serenissimi

568 4124 903 4209 principes
952 4131 1022 4189 et
1067 4123 1365 4190 illustres
1401 4127 1471 4190 B.
1502 4145 1696 4205 reges
1729 4129 1812 4191 ab
1847 4128 2088 4209 ataviS,
2121 4128 2408 4209 proavis,
2435 4128 2583 4193 avis
2615 4134 2685 4193 et
2719 4146 2944 4209 proge-

566 4229 895 4296 nitoribus
943 4227 1081 4293 suis
1128 4232 1211 4293 ab
1274 4246 1351 4293 eo
1412 4236 1727 4311 tempore,
1789 4230 1977 4295 cuius
2041 4234 2214 4312 apud
2281 4232 2574 4297 homines
2635 4231 2944 4298 memoria
