3288 4973
1550 381 1936 442 „40ss*

544 584 945 667 profitemur,
990 603 1032 648 a
1070 585 1278 668 vobis,
1311 584 1569 650 domino
1603 593 1836 651 nostro
1867 591 2200 664 tamquam
2231 601 2394 668 rege
2424 583 2517 664 B.‚
2549 581 2940 660 vestrisque

542 688 898 754 heredibus
932 693 1003 753 et
1034 687 1535 754 successoribus
1567 687 1904 771 legitimis,
1937 687 2247 754 similiter
2276 687 2544 770 regibus
2577 687 2672 766 B„
2695 702 2938 750 memo·

536 802 759 859 ratum
781 791 1091 874 oppidum
1116 791 1437 858 Grotkow
1462 809 1722 858 necnon
1753 799 1999 858 terram
2027 797 2100 857 et
2129 791 2512 858 districtum
2543 789 2752 872 ipsius
2785 807 2936 854 cum

532 897 672 964 suis
738 895 1164 978 pertinentiis
1234 895 1567 962 universis
1634 900 1707 962 et
1769 895 2045 980 singulis
2107 896 2354 962 habere
2425 903 2494 961 et,
2554 900 2791 959 tenere
2859 892 2935 957 in

532 998 799 1066 feudum
846 1009 916 1065 et
954 999 1214 1066 nomine
1248 1001 1393 1066 veri
1422 999 1622 1076 teudi,
1658 1017 1910 1080 vosque
1943 1005 2012 1065 et
2045 1000 2312 1065 eosdem
2342 1004 2609 1065 vestros
2639 997 2932 1064 heredes

537 1122 656 1170 seu
702 1104 903 1170 etiam
950 1121 1375 1170 successores
1436 1121 1588 1169 esse
1647 1123 1842 1170 veros
1907 1110 2221 1184 patronos
2287 1103 2550 1170 nomine
2603 1102 2938 1168 ecclesiae

536 1213 809 1275 nostrae
858 1207 1220 1290 praefatae,
1241 1206 1438 1290 Juxta
1471 1208 2034 1291 praescriptarum
2065 1207 2414 1274 literarum
2446 1205 2934 1273 continentiam

542 1317 611 1379 et
655 1316 991 1391 tenorem3
1027 1312 1249 1392 parati
1288 1330 1548 1392 quoque
1580 1331 1807 1378 sumus
1843 1312 2138 1394 profiteri
2175 1318 2247 1377 et
2275 1327 2758 1394 recognoscere
2792 1310 2935 1376 effi—

543 1417 798 1482 caciter
828 1415 953 1481 hoc
985 1415 1197 1498 ipsum
1229 1416 1296 1482 in
1323 1415 1617 1483 futurum
1644 1415 2158 1498 omnitempore,
2199 1415 2478 1481 Domino
2505 1415 2938 1481 concedente.

750 1520 830 1586 In
876 1521 1063 1604 cujus
1113 1570 1126 1584 .
1178 1571 1191 1586 .
1240 1572 1252 1584 .

740 1659 987 1724 Datum
1026 1658 1507 1724 Wratislaviae
1529 1659 1599 1724 in
1624 1660 1919 1741 capitulo
1951 1664 2182 1726 nostro
2217 1659 2400 1726 VIII.
2433 1657 2580 1726 Kal.
2615 1657 2934 1724 Octobris

534 1783 591 1829 a.
638 1763 716 1830 D.
770 1767 956 1845 1355,
1002 1763 1471 1843 praesentibus
1518 1769 1650 1830 etc.

600 1975 602 1980 .
741 1901 969 1989 (Ar-ck.
1046 1922 1186 1986 cap.
1266 1901 1467 1969 Wrat.
1544 1939 1631 1951 --
1705 1901 1957 1966 Stenzel
2027 1901 2468 1971 Bistumsurk.
2545 1938 2626 1948 —
2705 1900 2932 1965 Grun-

495 2006 739 2091 ·kaqen
788 2005 876 2072 II.
924 2007 1101 2085 217.)

740 2197 891 2264 372.
942 2193 1262 2265 Carolus
1308 2193 1438 2264 IV.
1486 2193 1950 2264 auctoritate
1996 2194 2504 2283 Imperatoria
2529 2193 2936 2264 confirmat

533 2299 1022 2371 collationem
1064 2297 1454 2369 Moraviue
1498 2297 1731 2368 titulo
1779 2298 1988 2368 feudi
2033 2299 2335 2369 factam.

1283 2423 1479 2506 1355,
1526 2423 1632 2489 27.
1683 2419 2176 2508 Septembris.

744 2558 871 2615 List
928 2559 1143 2615 ciesai‘e
1190 2559 1381 2629 Karia,
1436 2560 1583 2629 kdyz
1628 2564 1901 2629 vunan,
1958 2566 2024 2615 ze
2075 2578 2100 2615 s
2149 2546 2290 2616 redu
2340 2561 2650 2629 nekteryeh
2697 2560 2936 2616 kniezat

538 2647 887 2703 duchovnich
923 2647 944 2702 i
981 2648 1285 2715 svetskych
1322 2647 1343 2702 i
1379 2648 1515 2701 take
1564 2651 1784 2717 penuov
1831 2663 1865 2702 a
1901 2648 2247 2703 slechticuov
2297 2648 2643 2703 kralovstvie
2690 2650 2936 2704 ceskeho

536 2735 727 2803 radon,
782 2740 847 2790 ie
895 2735 1016 2804 jest
1070 2735 1163 2789 dal
1224 2734 1633 2788 markrabsivie
1698 2736 1988 2788 moravske
2045 2734 2251 2790 Janovi
2309 2734 2506 2790 bratru
2567 2736 2760 2790 svemu
2821 2738 2936 2804 pou

532 2822 835 2891 menstvie3
871 2840 906 2877 a
940 2823 1088 2889 kdyz
1126 2821 1199 2888 by
1234 2821 1395 2875 Buoh
1431 2821 1740 2876 neuchoval
1780 2822 1992 2877 ciesaie
2033 2820 2207 2877 Karla
2243 2822 2344 2877 bez
2384 2821 2675 2893 dedicuov,
2703 2828 2770 2878 te
2795 2828 2932 2891 nan,

525 2924 598 2965 na
634 2909 913 2964 markrabi
949 2910 987 2965 J
990 2924 1098 2963 ana.
1132 2924 1166 2961 a
1203 2922 1277 2963 na
1305 2908 1439 2978 jeho
1478 2907 1691 2973 dedice,
1727 2912 1816 2962 ma
1853 2906 2118 2975 spadnuti
2169 2906 2511 2963 krssovstvie
2563 2910 2732 2963 ceske
2787 2909 2934 2966 beze

529 2996 697 3051 veeho
735 2996 988 3050 dalsieho
1028 2995 1232 3051 volens.

734 3120 815 3187 In
846 3121 1107 3186 nomine
1140 3124 1419 3185 sanctae
1452 3124 1522 3184 et
1552 3118 1942 3185 individuae
1976 3119 2333 3187 Trinitatis
2367 3118 2663 3204 feliciter
2711 3140 2936 3189 amen.

740 3225 1028 3291 Karolus
1097 3230 1375 3304 quartus
1444 3224 1674 3290 divina
1741 3226 2011 3289 favente
2081 3224 2433 3291 clementia
2499 3224 2686 3292 Rom.
2761 3225 2938 3310 Imp.

537 3348 589 3395 S.
638 3349 693 3395 a.
740 3337 812 3396 et
857 3330 929 3395 B.
978 3347 1114 3394 rex.

748 3436 852 3500 Ad
906 3439 1294 3514 perpetuam
1342 3431 1441 3497 rei
1488 3431 1886 3498 memoriam.

742 3538 933 3604 Inter
976 3542 1242 3602 ceteras
1290 3534 1807 3602 sollicitudinum
1855 3553 2052 3602 curas
2100 3588 2113 3604 .
2160 3587 2175 3604 .
2223 3587 2236 3604 .

745 3664 1129 3753 (Conteoetus
1196 3665 1364 3729 idem
1432 3666 1547 3747 qui
1610 3666 1680 3726 in
1746 3664 1987 3728 litteris
2057 3662 2283 3730 Caroli
2347 3668 2526 3732 Rom.
2587 3670 2764 3753 reyis
2829 3673 2948 3735 die

534 3774 638 3839 26.
688 3772 839 3838 Dec.
885 3772 1056 3833 1349
1103 3770 1300 3837 dacis.
1364 3768 1512 3833 Vide
1560 3792 1619 3835 η.
1667 3768 1846 3855 296.)

748 3902 1123 3985 (Signum
1187 3900 1744 3967 serenissimi
1803 3902 2238 3985 principis
2286 3908 2368 3969 et
2414 3901 2734 3971 domini
2779 3906 2944 3973 Ka·

531 4008 701 4074 roli
748 4007 1043 4087 quarti
1074 4006 1279 4072 Rom.
1309 4004 1499 4087 Imp.
1534 4004 2118 4073 invictissimi
2159 4013 2249 4073 et
2278 4006 2944 4094 gloriosissimi,

536 4112 937 4179 Boemiae
981 4110 1267 4195 regis)

746 4242 986 4307 Testes
1032 4242 1224 4326 hujus
1272 4240 1372 4305 rei
1420 4247 1610 4306 sunt:
1661 4238 2098 4307 Venerabiles
2130 4244 2462 4309 Arnestus
2496 4243 2678 4309 arch.
2707 4244 2948 4331 Prag.‚

537 4346 895 4412 Preczlaus
974 4345 1380 4428 wratislaw,
1458 4346 1808 4412 Johannes
1883 4343 2192 4431 olomuc„
2258 4346 2608 4413 Johannes
2675 4346 2946 4415 Lutho·
