3288 4973
1278 399 1363 414 ...-
1412 364 1534 431 2υ7
1584 394 1666 410 -

312 574 689 642 concesserit
751 585 819 641 et
879 573 1253 657 indulserit,
1301 580 1377 639 ut
1431 572 1720 653 aliquam
1766 570 1874 638 vel
1923 572 2180 653 aliquas
2229 568 2664 637 munitionum

312 686 673 763 nostrarum,
738 696 1213 761 quamcumque
1283 676 1389 744 vel
1458 693 1905 757 quascunque,
1972 676 2114 757 regi
2183 676 2500 741 Poloniae
2545 695 2665 757 pro

312 791 561 864 quatuor
604 782 891 851 millibus
952 787 1072 847 aut
1118 781 1377 847 domino
1430 780 1728 863 BolkonL
1776 779 1930 846 duci
1978 778 2240 847 Sleziae
2289 785 2360 847 et
2406 782 2665 848 domino

310 887 716 969 Svidnicensi,
763 905 881 968 pro
931 888 1185 951 duabus
1220 883 1507 951 millibus
1541 901 1912 950 marcarum
1952 884 2236 965 polonici
2265 888 2664 969 pagamenti‚

314 1000 473 1073 prout
504 994 573 1058 in
596 990 747 1059 aliis
771 990 989 1057 literis
1015 988 1177 1056 dicti
1202 989 1448 1056 domini
1472 988 1650 1071 regis
1682 987 1874 1055 nobis
1899 987 2076 1054 datis
2103 988 2498 1073 continetur,
2518 1010 2664 1073 pos-

310 1097 479 1163 simus
527 1094 787 1180 pignori
848 1094 1179 1177 obligare:
1225 1095 1530 1161 volentes
1578 1092 1786 1177 igitur
1835 1094 2136 1175 praefato
2200 1095 2460 1161 domino
2520 1097 2665 1187 regi

314 1202 367 1267 B.
402 1221 475 1267 ac
526 1200 735 1282 nobis,
778 1198 1161 1280 nostrisque
1195 1197 1555 1265 heredibus
1588 1197 1945 1280 praecipue
1979 1199 2048 1265 in
2082 1198 2205 1265 hoc
2238 1217 2660 1281 praecavere,

312 1306 725 1384 promittimus
788 1307 963 1370 bona
1017 1304 1148 1369 fide
1210 1310 1281 1369 et
1334 1304 1613 1381 sincere,
1673 1302 2018 1383 praefatas
2080 1304 2482 1372 munitiones
2545 1324 2664 1372 seu

312 1408 705 1475 munitionem
752 1408 1079 1491 praefatis
1125 1407 1425 1489 dominis,
1470 1407 1617 1490 regi
1665 1406 1980 1474 Poloniae
2026 1412 2144 1472 ant
2205 1407 2356 1474 duci
2403 1411 2665 1476 svidni-

310 1513 477 1597 censi,
526 1530 657 1580 non
702 1512 905 1580 aliter
948 1512 1147 1579 titulo
1181 1512 1477 1594 pignoris
1511 1510 1831 1595 obligare,
1861 1510 1991 1575 nisi
2023 1529 2286 1593 semper
2317 1520 2667 1583 reservata

310 1616 463 1683 nobis
534 1624 653 1683 aut
720 1616 968 1683 nostris
1040 1615 1399 1683 heredibus
1474 1622 1593 1681 aut
1657 1614 1961 1699 praefato
2022 1618 2082 1681 d.
2145 1615 2282 1700 regi
2347 1624 2464 1684 aut
2527 1620 2665 1685 suis

307 1720 636 1789 heredibus
680 1721 894 1790 libera
930 1725 1051 1787 aut
1075 1719 1386 1803 plenaria
1418 1724 1778 1801 potestate,
1809 1721 2076 1786 easdem
2110 1720 2513 1787 munitiones
2547 1741 2663 1788 seu

304 1826 699 1893 munit-ionem
744 1824 1135 1892 exsolvendi
1181 1824 1310 1909 (et)
1362 1824 1729 1890 redimendi
1777 1824 1848 1890 in·
1893 1843 1970 1889 ea
2017 1842 2270 1891 summa
2315 1828 2662 1909 pecuniae,

312 1948 407 2011 pro
448 1950 581 2011 qua
624 1928 879 1997 fuerint
924 1930 1283 2013 obligatae.

484 2036 579 2100 Et.
626 2034 683 2099 si
731 2033 936 2119 (quod
981 2034 1189 2117 absit)
1256 2049 1375 2098 nos
1420 2037 1540 2098 aut
1584 2032 1914 2114 praedicti
1977 2034 2192 2099 nostri
2251 2036 2534 2103 heredes
2599 2044 2668 2104 et

306 2138 403 2205 filii
444 2138 825 2222 praedictas
870 2136 1273 2202 munitiones
1319 2137 1427 2204 vel
1486 2135 1915 2202 munitionem
1976 2136 2263 2203 eximere
2329 2140 2432 2205 vel
2495 2142 2666 2207 redi-

307 2260 457 2309 mere
504 2262 636 2309 non
684 2260 1059 2323 possemus:
1108 2246 1355 2305 extunc
1404 2239 1748 2321 praefatus
1796 2242 1855 2307 d.
1902 2258 2018 2305 rex
2065 2248 2186 2306 aut
2220 2244 2321 2310 sui
2367 2244 2668 2329 heredeS‚

305 2351 363 2411 et
412 2348 626 2415 nullus
686 2346 857 2412 alius
925 2345 1275 2427 hominum,
1346 2344 1563 2411 dictas
1630 2344 2031 2412 munitiones
2088 2346 2196 2411 vel
2240 2347 2668 2415 munitionem

300 2451 603 2520 redimere
650 2457 720 2518 et
765 2449 1057 2518 liberare
1102 2454 1420 2532 poterunt
1466 2454 1535 2515 et
1567 2450 1904 2517 debebunt
1943 2449 2010 2516 in
2045 2468 2294 2519 summa
2326 2454 2669 2540 pecuniae,

302 2573 405 2638 pro
448 2577 575 2637 qua
620 2555 874 2622 fuerint
920 2554 1273 2636 obligatae,
1321 2555 1848 2634 quandocunque
1905 2555 2002 2621 eis
2051 2555 2389 2624 videbitur
2436 2578 2668 2641 oppor-

300 2672 505 2728 tunum
553 2668 625 2728 et
668 2660 903 2728 melius
952 2659 1284 2741 expedire.
1350 2658 1442 2725 Et
1488 2677 1605 2724 eas
1675 2660 1782 2726 vel
1832 2678 1976 2726 eam
2025 2665 2160 2726 tam
2208 2660 2319 2726 diu
2375 2664 2666 2730 habeant

301 2765 359 2828 in
398 2765 689 2847 pignore,
758 2781 1099 2844 quousque
1146 2781 1267 2828 nos
1312 2769 1382 2827 et
1430 2764 1714 2829 heredes
1780 2751 1994 2828 nostri
2062 2764 2180 2830 filii
2249 2773 2315 2830 et
2385 2767 2664 2834 heredes

300 2869 567 2948 praefati
612 2885 728 2938 eas
776 2867 1101 2934 redimere
1150 2869 1531 2951 poterimus,
1580 2869 1941 2933 secundum
1989 2871 2264 2950 modum,
2311 2889 2436 2951 quo
2484 2873 2665 2954 ipsas

298 2972 391 3038 vel
436 2973 647 3055 ipsam
694 2971 1035 3054 praefatus
1083 2989 1202 3038 rex
1247 2972 1566 3038 Poloniae
1599 2978 1718 3037 aut
1775 2975 1908 3038 dux
1965 2973 2422 3042 Svidnicensis
2483 2978 2663 3058 prius

297 3084 641 3144 tenuerunt
688 3076 951 3142 nomine
1000 3076 1313 3159 pignoris,
1359 3081 1431 3141 ut
1479 3077 1662 3158 prius
1711 3084 1818 3142 est
1864 3096 2264 3158 expressum.

489 3179 943 3246 Promittimus
1033 3177 1233 3242 etiam
1326 3186 1396 3244 et
1484 3181 1857 3246 tenebimur
1929 3185 2015 3247 ab
2087 3183 2218 3267 illo,
2295 3189 2400 3251 cui
2476 3206 2662 3268 prae-

291 3283 455 3352 fatas
546 3283 944 3352 munitiones
1036 3283 1145 3348 vel
1226 3283 1655 3351 munitionem
1749 3286 2282 3370 obligaverimus,
2351 3290 2530 3356 dicto
2605 3294 2665 3359 (1.

290 3395 509 3456 nostro
578 3389 737 3472 regi,
811 3389 929 3453 aut
1007 3386 1143 3452 suis
1214 3388 1571 3454 heredibus
1647 3389 1880 3455 literas
1957 3391 2264 3458 ordinare
2340 3401 2667 3477 patentes,

290 3494 451 3570 qnod
529 3491 711 3573 ipsas
789 3490 893 3556 vel
970 3490 1179 3571 ipsam
1260 3491 1562 3573 praefato
1638 3493 1897 3560 domino
1975 3495 2116 3578 regi
2194 3496 2266 3563 B.
2342 3503 2456 3564 aut
2525 3502 2664 3566 suis

284 3595 637 3662 heredibus
731 3602 798 3660 et
888 3594 1053 3659 nulli
1144 3595 1341 3660 alteri
1432 3597 1753 3662 restituat
1842 3605 1912 3664 et
1993 3602 2108 3665 det
2183 3601 2328 3668 sine
2405 3611 2666 3670 contra-

286 3698 573 3766 dictione
646 3698 945 3779 qualibet
1019 3701 1104 3765 ad
1182 3699 1648 3782 redimendum,
1730 3703 2253 3784 quandocunque
2331 3706 2667 3776 videbitur

280 3804 373 3870 eis
442 3801 677 3870 utilius
744 3803 1076 3886 expedire.

484 3907 739 3973 Harum
793 3911 918 3972 etc.

480 4063 731 4130 Datum
779 4064 1041 4148 Pragae
1088 4064 1259 4133 feria
1308 4065 1394 4131 ΙΙ.
1440 4067 1742 4148 proxima
1789 4076 1942 4149 post
1990 4070 2230 4138 festum
2290 4071 2663 4141 Exaltionis

275 4172 333 4234 S.
378 4167 607 4236 crucis
652 4187 710 4236 a.
765 4174 947 4235 1341.

479 4323 911 4412 (Grimhayon
960 4325 1011 4393 I.
1053 4327 1197 4395 315.
1241 4361 1329 4374 -
1372 4327 1588 4391 Emler
1638 4329 1672 4390 I
1683 4327 1746 4397 V.
1791 4331 2009 4418 1006.)
