3288 4973
1342 403 1726 464 —281—

542 607 691 674 262.
742 602 1169 674 Promissio
1217 603 1474 673 Caroli
1517 601 1641 673 lv.
1676 602 1769 674 de
1815 601 2132 675 civitate
2167 600 2374 686 Egra
2411 618 2457 669 a
2486 617 2728 685 regno

360 707 697 778 Boemiae
744 728 893 778 non
916 707 1445 796 segreganda.

1168 849 1363 933 1348,
1408 852 1471 916 1.
1520 846 1801 917 Martii.

544 1006 833 1072 Karolus
880 1006 959 1070 D.
1004 1025 1097 1087 gr.
1147 1006 1329 1072 Rom.
1378 1025 1498 1071 rex
1544 1024 1593 1070 s,
1643 1026 1699 1070 a.
1749 1011 1817 1070 et
1864 1007 1936 1070 Β.
1979 1023 2114 1070 rex.
2151 1003 2498 1070 Universis
2534 1021 2722 1084 prae-

345 1119 561 1176 sentes
591 1110 832 1177 literas
864 1110 1272 1195 inspecturis
1300 1111 1537 1176 harum
1570 1110 1744 1176 serie
1782 1111 2077 1191 patefiat,
2127 1110 2301 1188 quod
2334 1108 2725 1174 dilectorum

344 1215 623 1282 fidelium
656 1220 1051 1295 nostrorum,
1086 1215 1323 1280 civium
1360 1213 1662 1280 civitatis
1695 1214 2036 1297 EgrensiS,
2069 1213 2538 1296 integerrimae
2569 1213 2724 1280 fidei

344 1327 408 1384 et
451 1320 828 1410 devotionis
877 1318 1238 1402 puritatem
1281 1325 1349 1384 et
1380 1318 1712 1398 affectum,
1745 1319 1982 1398 quibus
2017 1337 2179 1402 erga
2212 1317 2439 1400 regale
2469 1318 2725 1384 culmen

345 1428 409 1488 et
429 1443 705 1506 regnum
734 1430 1027 1492 nostrum
1057 1424 1368 1490 Boemiae
1395 1425 1721 1490 hactenus
1748 1441 2000 1505 semper
2035 1424 2435 1505 claruerunt,
2458 1421 2726 1488 interna

339 1528 567 1595 mentis
617 1519 1156 1599 consideratione
1206 1535 1564 1610 pensantes
1618 1527 1867 1594 eisdem
1903 1526 2162 1594 civibus
2211 1526 2624 1608 promisimus
2657 1534 2727 1593 et

338 1635 495 1700 bona
541 1635 677 1700 fide
725 1639 959 1700 nostra
1002 1634 1445 1716 promittimus
1493 1652 1613 1714 per
1662 1636 2074 1716 praesenteS,
2106 1634 2277 1712 quod
2315 1630 2722 1713 praedictam

340 1737 674 1806 civitatem
724 1738 1091 1820 Egrensem
1126 1757 1454 1819 nunquam
1488 1737 1691 1804 alicui
1724 1736 1966 1803 homini
1999 1741 2118 1801 aut
2151 1755 2473 1819 personae
2506 1737 2722 1802 cuius-

337 1861 581 1924 cunque
630 1847 875 1926 statue,
924 1843 1321 1910 conditionis
1368 1847 1485 1908 aut
1543 1841 2108 1924 praeeminentiae
2145 1841 2414 1924 existat,
2460 1842 2717 1924 pignori

338 1948 767 2030 obligabimus
814 1953 931 2015 aut
977 1949 1211 2028 quovis
1268 1945 1694 2013 alienationis
1756 1945 1954 2012 titulo
2011 1965 2130 2012 seu
2189 1948 2378 2012 modo
2425 1967 2466 2012 a
2512 1965 2718 2041 regno

339 2070 449 2118 seu
492 2071 741 2119 corona
787 2053 1002 2119 nostri
1049 2051 1236 2134 regni
1304 2051 1612 2118 Boemiae
1676 2049 2170 2135 segregabimus
2225 2057 2294 2117 et
2340 2051 2718 2118 curabimus

337 2155 711 2238 aliqualiter
759 2173 1097 2238 separare.

535 2261 794 2326 Harum
844 2264 967 2326 etc.

527 2401 779 2466 Datum
848 2401 1127 2482 Pragae‚
1196 2399 1406 2481 prima
1471 2400 1577 2466 die
1640 2401 1884 2466 mensis
1949 2399 2178 2466 Martii
2253 2419 2310 2466 a.
2373 2399 2447 2465 D.
2533 2407 2717 2479 1348,

334 2522 676 2588 regnorum
724 2511 1101 2571 nostrorum
1148 2522 1320 2571 anno
1368 2506 1676 2571 secundo.

528 2642 791 2731 (Puteal,
832 2644 909 2712 K.
954 2642 1121 2707 [sarz
1168 2644 1299 2727 JV,
1342 2666 1402 2713 η.
1450 2644 1675 2714 XLIX.
1720 2682 1805 2693 -
1855 2640 2072 2729 caym
2127 2643 2259 2707 νη.
2311 2646 2510 2731 754.)

522 2881 676 2949 263.
744 2878 1063 2971 Carolus
1110 2876 1261 2964 IV.⁹
1316 2878 1526 2949 Rom.
1573 2898 1734 2965 rex,
1784 2878 2179 2950 confirmat
2212 2878 2520 2951 litteras
2553 2879 2711 2949 Fri·

331 2980 557 3053 derici
603 2982 665 3053 Ι.
714 2983 928 3055 Rom.
992 2983 1201 3070 Imp„
1262 2981 1689 3054 Wladislao
1745 2983 1922 3071 regi
1980 2982 2333 3054 Boemiae
2397 3004 2462 3055 a.
2519 2988 2712 3071 1158,

330 3088 427 3156 18.
475 3088 526 3158 J
528 3086 836 3159 anuarii
883 3087 1128 3158 datas,

1180 3211 1373 3289 1348,
1421 3212 1484 3277 7.
1532 3209 1856 3296 Aprilis.

524 3365 651 3420 List
691 3364 956 3433 (ciesafe)
996 3362 1186 3429 Karia,
1226 3366 1425 3431 kterye
1453 3366 1748 3436 potvrzuje
1774 3366 1910 3420 listu
1938 3367 2228 3423 Fridricha
2256 3367 2484 3438 eiesafe,
2513 3370 2710 3437 kteryz

332 3448 419 3503 list
454 3453 618 3508 tehoz
654 3450 955 3507 Fridrieha
990 3468 1025 3506 v
1062 3452 1219 3521 svuoj
1260 3452 1511 3521 zejmena
1548 3454 1742 3523 vepsal
1772 3454 1906 3523 jeet.
1945 3454 2220 3521 Kteryzto
2253 3454 2506 3511 Fridrich
2534 3456 2712 3513 cieeai·

331 3537 523 3605 flmsky
560 3540 709 3595 davi
766 3537 1144 3593 Vladislavovi
1191 3539 1439 3595 kniezeti
1492 3542 1769 3607 ceskemu,
1821 3541 1930 3609 aby
1979 3558 2050 3595 na
2101 3524 2258 3609 easy'
2278 3544 2460 3599 urcite
2510 3544 2709 3599 okolek

332 3623 470 3691 zlaty
504 3642 578 3681 na
614 3626 784 3679 hlave
820 3625 919 3679 eve
954 3624 1125 3679 nositi
1163 3625 1310 3679 mohl
1350 3642 1383 3680 a
1418 3627 1504 3695 pri
1542 3633 1660 3681 tom
1699 3626 1840 3682 deva
1877 3644 1947 3683 na
2000 3630 2232 3683 vecnost
2279 3630 2420 3684 zemi
2473 3632 2637 3687 ceske
2675 3648 2708 3686 a

330 3714 497 3767 temuz
533 3712 924 3767 Vladislavovi
959 3727 995 3766 a
1022 3713 1157 3781 Jeho
1194 3712 1511 3780 potomkiim
1550 3715 1842 3770 slezskeho
1880 3714 2254 3771 kniezetstvie
2291 3716 2426 3784 plat.

520 3854 815 3921 Karolus
886 3852 962 3918 D.
1026 3873 1142 3938 gr„
1201 3854 1646 3921 Romanorum
1707 3875 1828 3924 rex
1889 3876 2151 3940 semper
2211 3866 2556 3944 augustuS,
2637 3866 2708 3926 et

340 3956 637 4024 Boemiae
679 3975 819 4024 rex.

527 4063 635 4129 Ad
684 4066 1083 4144 perpetuam
1130 4063 1229 4128 rei
1275 4065 1672 4131 memoriam.

526 4166 777 4233 Innata
810 4165 997 4231 cordi
1021 4171 1250 4232 nostro
1276 4168 1660 4252 benignitas
1693 4170 1874 4237 circa
1903 4170 2193 4238 fidelium
2225 4179 2295 4238 et
2325 4173 2714 4241 devotorum

337 4276 693 4339 nostrorum
740 4271 1029 4337 honores
1074 4278 1144 4337 et
1190 4274 1525 4339 commoda
1572 4274 1905 4341 continuis
1937 4277 2198 4343 intenta
2228 4277 2497 4362 vigiliis,
2530 4280 2706 4345 votis

334 4369 603 4455 ipsorum
648 4390 953 4444 annuere
988 4372 1247 4464 jugiter
1290 4394 1408 4445 nos
1456 4377 1728 4465 inducit,
1776 4380 2086 4465 quotiens
2131 4382 2542 4466 poscentium
2575 4402 2704 4454 vox
