3288 4973
1412 370 1821 437 -23-'

381 572 612 627 monitis
646 579 708 627 et
745 570 1114 641 petitionibus
1155 572 1418 631 baronum
1455 592 1554 631 rex
1593 576 1880 633 Johannes
1917 590 2019 644 per
2044 574 2278 629 Petrum
2298 572 2773 641 archiepiscopum

377 661 790 729 maguntinum,
809 659 886 713 -in
926 659 1164 714 ecclesia
1201 660 1474 730 Pragensi
1527 678 1677 718 more
1728 663 1888 731 regio
1942 668 2305 717 consecratur
2362 666 2423 715 et
2480 666 2598 717 tam
2654 658 2776 727 ipse

375 763 541 816 quam
577 747 777 815 regina
833 746 1135 801 Elizabeth
1191 747 1476 817 regalibus
1523 750 1791 819 insigniis
1829 750 2215 805 decorantur-⁶⁴.
2254 748 2519 818 (Pulkava
2564 746 2776 812 chron.)

597 850 716 923 12.
761 849 1196 923 Fridcricus
1242 852 1398 923 dux
1443 855 1805 925 Austriae
1862 853 1912 925 J
1915 853 2138 925 oanni
2198 850 2366 941 regi
2433 849 2775 925 restituit

380 955 973 1027 marchionatum
1019 956 1420 1029 Mor-aviae.

1252 1060 1482 1148 1311,
1531 1063 1653 1132 30.
1706 1062 1919 1135 Mart.

591 1174 978 1250 Fridericus
1047 1174 1126 1241 D.
1217 1197 1312 1261 gr.
1379 1179 1513 1245 dux
1582 1178 1892 1246 Austriac
1960 1186 2029 1245 et
2098 1178 2387 1261 Styriae,
2466 1170 2767 1240 dominus

379 1279 790 1363 Carinthiae,
819 1281 1358 1364 recognoscimus
1400 1289 1472 1349 et
1501 1282 1764 1365 publice
1796 1286 2199 1366 profitemur,
2246 1282 2421 1363 quod
2454 1277 2769 1346 affectan-

381 1394 488 1451 tes
537 1404 682 1455 cum
727 1384 1074 1469 magnifico
1138 1385 1394 1451 domino
1441 1387 1768 1469 Johanne,
1813 1388 1889 1453 B.
1936 1392 2008 1453 et
2056 1388 2125 1454 P.
2170 1403 2352 1469 rege,
2409 1385 2477 1451 in
2530 1383 2773 1449 amoris

381 1489 687 1571 puritate
747 1495 820 1555 et
878 1488 1255 1555 dilectionis
1303 1490 1568 1557 vinculo
1617 1492 1827 1558 solide
1878 1490 2169 1573 solidari,
2214 1495 2551 1555 tractatus
2598 1486 2779 1554 inter

379 1595 600 1675 ipsum
661 1611 890 1676 regem
953 1610 1034 1657 ex
1095 1611 1228 1660 una
1285 1598 1357 1659 et
1402 1613 1522 1660 nos
1568 1612 1649 1661 ac
1695 1594 2255 1662 iratres=nostros
2302 1612 2423 1676 per
2467 1598 2779 1659 strenuos

383 1698 567 1765 viros
611 1698 908 1766 Ulricum
971 1697 1054 1761 de
1100 1696 1548 1783 Clingenberg
1595 1704 1663 1765 ct
1710 1698 2191 1766 Theodericum
2238 1701 2319 1764 de
2351 1693 2776 1779 Pillidsdorff‚

383 1800 803 1869 consiliarios
827 1808 1111 1884 nostros,
1135 1803 1224 1868 ad
1245 1802 1369 1869 hoc
1395 1803 1661 1884 plenum
1686 1807 2065 1871 mandatum
2089 1804 2415 1870 habentes
2438 1840 2521 1849 —-
2546 1805 2776 1867 nostro

387 1905 650 1973 nomine
677 1923 760 1971 ex
789 1906 1007 1972 altera
1052 1911 1248 1988 parte
1293 1907 1496 1973 initos
1535 1926 1614 1974 ac
1651 1908 2134 1975 ordinationem
2176 1908 2487 1975 hincinde
2530 1906 2777 1973 factam

387 2015 574 2076 ratos
599 2016 671 2076 et
695 2011 914 2077 firmos
938 2011 1187 2077 habere
1213 2012 1532 2095 volenteS‚
1556 2031 1676 2094 pro
1703 2012 1892 2079 nobis
1915 2018 1985 2078 et
2008 2011 2332 2079 fratribus
2357 2010 2604 2077 nostris
2632 2030 2777 2095 pro-

385 2114 712 2181 mittimus
759 2120 830 2180 et
873 2116 960 2181 ad
1007 2114 1132 2181 hoc
1179 2134 1296 2181 nos
1345 2117 1816 2197 praesentibus
1862 2117 2138 2183 firmiter
2178 2118 2565 2200 obligamus,
2602 2118 2777 2196 quod

387 2219 916 2286 marchionatum
949 2217 1292 2287 Moraviae
1317 2219 1507 2287 nobis
1531 2240 1653 2302 per
1678 2240 1891 2289 seren.
1919 2220 2248 2288 dominum
2274 2228 2572 2288 nostrum
2598 2221 2777 2289 Hen-

387 2324 616 2401 ricum,
659 2324 844 2391 Rom.
878 2342 1104 2408 regem
1134 2324 1476 2407 illustrem,
1516 2326 1898 2411 obligatum,
1936 2325 2146 2392 libere
2191 2332 2261 2393 et
2292 2326 2599 2393 absolute
2630 2328 2776 2393 red·

392 2428 602 2496 dimus
650 2448 730 2497 ac
772 2428 1042 2496 litteras
1089 2429 1568 2514 assignationis
1616 2430 1781 2498 dicti
1814 2433 1872 2498 d.
1906 2432 2086 2516 regis
2116 2432 2555 2499 Romanorum
2588 2433 2778 2500 nobis

393 2551 590 2616 snper
633 2553 712 2600 eo
757 2533 1068 2617 traditas,
1113 2537 1768 2616 repraesentavimus
1831 2537 1975 2620 regi
2036 2537 2343 2603 Boemiae
2398 2543 2776 2604 memorate.

590 2637 672 2704 In
717 2639 904 2726 cujus
949 2638 1048 2706 rei
1097 2638 1544 2706 testimonium
1590 2639 1879 2723 sigillum
1938 2647 2239 2707 nostrum
2299 2643 2768 2724 praesentibus
2850 2707 2853 2712 .

395 2749 499 2809 est
544 2761 928 2826 appensum.

595 2849 843 2916 Datum
887 2848 1213 2916 Pataviae
1258 2848 1336 2916 A.
1384 2849 1466 2915 D.
1517 2855 1703 2934 1311,
1750 2849 1872 2916 HL
1918 2847 2069 2918 KaL
2116 2848 2387 2933 Aprilis.

595 2951 951 3039 (Ludewiq,
981 2951 1188 3038 Reliq.
1233 2953 1297 3016 V.
1331 2954 1479 3022 627.
1523 2989 1592 3002 -
1623 2953 1888 3016 Dobner
1916 2955 2086 3022 Mon.
2118 2953 2231 3030 IV,
2266 2956 2416 3025 284.
2452 2951 2778 3044 —Chytil

389 3057 538 3124 Cori.
586 3057 750 3126 Mor.
807 3055 908 3124 VI.
949 3057 1036 3120 44
1080 3095 1168 3107 —-
1213 3055 1428 3120 Emler
1471 3057 1598 3124 III.
1644 3059 1688 3122 6
1718 3067 1777 3120 et
1808 3057 1947 3146 24.)

605 3157 722 3248 13.
768 3177 1310 3267 oppignorati«)
1356 3180 1608 3251 terrae
1656 3179 2005 3266 Opaviae.

1242 3281 1472 3370 1311,
1525 3283 1647 3354 ll.
1692 3283 1927 3354 Junii.

594 3397 731 3464 Nos
755 3397 1121 3482 BoleslauS,
1143 3397 1500 3466 Heinricus
1528 3405 1596 3466 et
1621 3400 2030 3467 Wlodislaus
2058 3401 2135 3468 D.
2161 3419 2257 3484 gr.
2285 3403 2487 3467 duces
2514 3401 2770 3468 Slesiae

382 3503 759 3583 dominique
837 3504 1313 3571 Wratislaviae
1390 3512 1459 3570 et
1535 3505 1886 3588 Legenicz,
1964 3525 2096 3570 una
2156 3524 2299 3571 cum
2379 3507 2769 3572 Bernhardo
2880 3497 2885 3502 ’

385 3612 455 3674 et
521 3606 858 3690 Heinrico,
919 3607 1198 3674 ducibus
1280 3609 1543 3675 Zlesiae
1610 3609 2021 3690 dominisque
2100 3611 2183 3676 de
2251 3610 2770 3676 Vorstemberch

386 3712 782 3786 illustribus,
849 3713 1266 3795 patruelibus
1335 3715 1583 3780 nostris
1643 3714 2026 3798 carissimis,
2098 3714 2543 3797 promittimus
2604 3717 2777 3782 bona

389 3817 520 3882 fide
578 3815 722 3883 sine
785 3817 917 3882 doli
964 3815 1292 3900 captione,
1341 3837 1459 3884 nos
1506 3817 1883 3902 obligantes
1932 3819 2285 3886 excellenti
2318 3838 2398 3884 ac
2429 3819 2777 3904 magnifico

389 3921 691 4004 principi,
758 3923 818 3986 d.
875 3921 1168 3988 Johanni
1230 3921 1304 3990 B.
1362 3929 1432 3989 et
1489 3923 1561 3988 P.
1621 3923 1786 4006 regi,
1848 3922 2029 3990 affini
2106 3929 2333 3990 nostro
2397 3923 2761 4008 carissime,

389 4025 662 4105 suisque
735 4025 1094 4092 heredibus
1159 4035 1229 4092 et
1291 4027 1793 4094 successoribus
1860 4028 2195 4112 legitimiS‚
2258 4029 2432 4108 quod
2491 4030 2781 4106 quando-

389 4147 668 4209 cumque
711 4129 903 4196 nobis
950 4131 1056 4196 vel
1098 4131 1456 4198 heredibus
1488 4137 1606 4196 aut
1642 4132 2146 4199 successoribus
2178 4131 2428 4198 nostris
2462 4131 2777 4215 legitimis

387 4237 538 4300 octo
585 4233 790 4302 millia
831 4253 1199 4302 marcarum
1235 4255 1610 4319 grossorum
1644 4237 2069 4303 denariorum
2100 4235 2553 4322 Pragensium,
2586 4255 2775 4303 sexa-

391 4338 581 4422 ginta
627 4343 910 4420 quatuor
945 4339 1198 4424 grossis
1231 4358 1349 4422 pro
1383 4340 1681 4422 qualibet
1712 4360 1935 4407 marca
1968 4343 2444 4426 computandis
2479 4344 2774 4427 solverit,
