3288 4973
1348 265 1739 323 -579—

555 464 800 531 Notum
845 464 1127 531 facimus
1174 471 1410 532 tenore
1459 464 1915 545 praesentium
1962 466 2317 549 universis,
2378 469 2549 548 quod
2596 486 2740 535 cum

344 569 634 635 illustris
679 569 726 635 J
730 570 1044 649 ohannes
1089 568 1382 636 marchio
1429 568 1794 652 Moraviae,
1826 570 2137 653 princeps
2170 577 2241 636 et
2272 570 2483 636 frater
2511 576 2742 637 noster

341 672 752 755 carissimus,
828 672 896 738 in
972 678 1041 739 et
1115 676 1197 739 de
1275 672 1657 755 principatu
1734 678 1803 741 et
1878 673 2166 739 dominio
2244 675 2738 741 marchionatus

351 777 712 859 Moraviae,
758 795 954 857 quem
985 775 1112 844 sibi
1144 784 1215 843 et
1247 776 1388 843 suis
1418 778 1777 843 heredibus
1810 796 1931 859 pro
1964 784 2249 860 paterna
2280 796 2405 843 sua
2436 778 2739 861 portione

349 882 420 947 in
464 882 726 947 illustre
775 888 844 946 et
889 881 1151 963 insigne
1199 880 1461 947 feodum
1509 900 1552 948 a
1597 882 1787 947 nobis
1836 888 2169 961 tamquam
2216 882 2527 947 Boemiae
2578 900 2742 965 rege

343 993 421 1051 et
490 985 701 1067 ipsius
771 985 958 1067 regni
1021 1002 1267 1051 corona
1335 987 1693 1051 tenendum
1756 990 1827 1051 et
1888 992 2211 1068 perpetuo
2272 980 2741 1069 possidendum

343 1090 618 1157 dedisse
691 1097 758 1157 et
827 1090 1191 1155 contulisse
1269 1089 1695 1172 dinoscimur,
1770 1090 1949 1155 inter
2024 1089 2325 1155 illustres
2400 1090 2742 1173 Jodocum,

346 1195 730 1261 Johannem
767 1200 835 1260 et
869 1192 1280 1277 Procopium,
1311 1192 1482 1260 filios
1513 1210 1689 1275 suOS,
1723 1194 2042 1273 quasdam
2081 1192 2491 1277 divisionem,
2522 1193 2741 1277 dispo·

347 1300 658 1366 sitionem
705 1304 773 1364 et
819 1296 1308 1364 ordinationem
1355 1295 1611 1382 fecerit,
1662 1296 2072 1379 disposuerit
2104 1302 2173 1361 et
2206 1296 2545 1379 statuerit,
2574 1314 2741 1377 quas

351 1404 455 1469 sui
509 1402 836 1483 praedicti
896 1401 1393 1469 marchionatus
1455 1405 1741 1469 barones
1804 1408 1873 1466 et
1935 1400 2193 1467 nobiles
2254 1400 2391 1466 suis
2454 1402 2741 1483 penden-

349 1508 532 1573 tibus
579 1506 816 1590 sigillis
863 1507 1360 1588 attestaverint,
1408 1505 1733 1585 nobisque
1780 1510 2117 1584 tamquam
2148 1504 2296 1587 regi
2330 1504 2403 1570 B.
2435 1522 2566 1571 una
2598 1523 2743 1571 cum

351 1608 717 1693 praedictis
795 1610 934 1675 suis
1011 1610 1164 1675 filiis
1231 1627 1376 1674 cum
1445 1608 1773 1674 instantia
1838 1607 2343 1691 supplicaverit,
2411 1613 2741 1688 quatenus

341 1715 762 1796 divisionem,
827 1713 1312 1780 ordinationem
1373 1719 1445 1779 et
1503 1712 2007 1794 dispositionem
2068 1712 2440 1796 hujusmodi
2510 1716 2734 1779 aucto·

346 1820 556 1887 ritate
599 1818 790 1902 regia
835 1818 908 1883 Β.
961 1819 1354 1900 approbare,
1401 1818 1737 1884 ratificare
1786 1825 1855 1883 et
1916 1817 2305 1882 confirmare
2370 1816 2733 1899 gratiosius

337 1925 795 2008 dignaremur,
842 1940 1118 2001 quarum
1166 1923 1428 2001 quidem
1475 1920 1841 2003 divisionis,
1905 1920 2345 1986 ordinationis
2402 1925 2475 1985 et
2519 1921 2739 2002 dispo-

343 2028 614 2095 sitionis
662 2034 856 2092 tenor
900 2026 1204 2107 sequitur
1247 2027 1318 2091 in
1363 2027 1531 2091 haec
1579 2026 1823 2091 verba:

555 2132 636 2197 In
709 2128 971 2197 nomine
1046 2130 1309 2196 Domini
1384 2146 1593 2195 amen.
1686 2128 2031 2195 Johannes
2112 2128 2193 2193 D.
2270 2146 2368 2211 gr.
2446 2126 2739 2193 marchio

345 2235 692 2303 Moraviae
735 2235 835 2319 (ut
879 2236 948 2295 in
985 2234 1410 2317 praecedenti
1453 2230 1811 2316 diplomate
1855 2254 1916 2297 n.
1960 2232 2132 2311 615).
2178 2268 2263 2279 -

560 2340 694 2405 Nos
741 2338 970 2423 igitur,
1027 2337 1139 2418 qui
1196 2342 1446 2403 statum
1506 2336 1937 2416 tranquillum
1998 2341 2069 2402 et
2124 2335 2349 2402 felicia
2394 2335 2732 2399 commoda

345 2444 843 2528 praedictorum
891 2442 1102 2510 nostri
1147 2440 1399 2525 frati-iS,
1445 2441 1723 2508 filiorum
1771 2446 1841 2507 et
1886 2442 2202 2508 heredum
2256 2456 2524 2506 suorum
2571 2437 2738 2505 cari-

347 2548 590 2616 tativis
637 2547 988 2613 desideriis
1023 2557 1092 2614 et
1123 2546 1423 2612 fraterno
1456 2562 1717 2628 semper
1746 2563 1967 2612 amore
2004 2544 2476 2628 prosequimur,
2507 2542 2737 2608 audito

347 2655 534 2737 prius
583 2659 653 2718 et
699 2653 997 2734 plenarie
1043 2651 1332 2736 cognit0,
1379 2652 1552 2730 quod
1596 2649 1753 2716 talis
1786 2649 2047 2732 divisi0,
2082 2648 2430 2732 dispositio
2465 2651 2534 2714 et
2566 2645 2739 2711 ordi-

347 2759 535 2824 natio
598 2760 678 2823 de
741 2755 1032 2822 unanimi
1097 2763 1166 2821 et
1228 2755 1553 2820 communi
1615 2773 1945 2822 consensu
2008 2762 2079 2820 et
2138 2754 2485 2820 voluntate
2549 2767 2739 2833 prae-

342 2862 676 2928 dictorum
734 2861 782 2928 J
785 2861 990 2943 odoci,
1050 2859 1096 2925 J
1099 2859 1377 2925 ohannis
1441 2866 1508 2924 et
1573 2858 1880 2940 Procopii
1940 2858 2069 2924 rite
2134 2855 2603 2939 processerint,
2653 2856 2739 2918 ad

346 2967 616 3033 votivas
674 2965 961 3048 ipsorum
1026 2981 1296 3045 precum
1353 2963 1718 3028 instantias
1775 2963 2189 3048 divisionem,
2253 2960 2737 3028 ordinationem

339 3077 419 3138 et
465 3069 970 3152 dispositionem
1033 3067 1372 3150 praefatas
1435 3085 1718 3133 unacum
1780 3067 2223 3133 attestatione
2284 3068 2604 3130 baronum
2670 3069 2740 3128 et

347 3174 664 3241 nobilium
732 3174 1226 3240 marchionatus
1292 3171 1640 3254 praedicti,
1705 3173 1772 3237 in
1834 3169 2137 3236 omnibus
2185 3169 2323 3236 suis
2369 3167 2737 3250 tenoribuS,

347 3277 724 3360 sententiiS,
783 3279 1052 3359 punctis
1113 3283 1180 3341 et
1243 3275 1578 3360 clausuliS,
1642 3287 1841 3355 prout
1904 3276 1989 3342 de
2040 3278 2245 3340 verbo
2310 3275 2398 3339 ad
2458 3272 2736 3338 verbum

343 3389 834 3466 expressantur
879 3381 1206 3464 superiuS‚
1251 3381 1467 3447 animo
1515 3381 1903 3462 deliberato,
1949 3398 2077 3445 non
2124 3397 2245 3460 per
2291 3395 2586 3446 errorem
2632 3373 2737 3440 vel

349 3486 736 3568 improvide,
779 3487 898 3550 sed
931 3503 1089 3550 sano
1123 3491 1194 3550 et
1224 3493 1480 3550 maturo
1515 3483 1902 3566 principum,
1935 3485 2254 3549 baronum
2288 3488 2357 3548 et
2389 3496 2733 3562 procerum

349 3597 728 3657 nostrorum
777 3588 1068 3656 fidelium
1102 3591 1467 3654 accedente
1502 3587 1780 3654 consilio
1814 3588 2243 3670 ratificamuS,
2290 3587 2733 3667 approbamus

345 3701 422 3760 et
443 3693 822 3776 praesentis
857 3692 1093 3774 scripti
1127 3691 1497 3772 patrocinio
1532 3693 1613 3757 de
1646 3697 1836 3758 certa
1868 3697 2102 3756 nostra
2135 3688 2419 3755 scientia
2452 3693 2522 3753 et
2553 3687 2743 3771 regia

346 3797 758 3865 auctoritate
805 3797 1116 3862 Boemiae
1165 3797 1640 3862 confirmamus

557 3901 1026 3969 Praesentium
1076 3952 1088 3965 .
1137 3951 1152 3969 .
1200 3953 1213 3966 .

555 4006 804 4073 Datum
854 4005 1112 4088 Pragae
1159 4025 1216 4070 a.
1260 4005 1340 4070 D.
1379 4010 1562 4084 1371,
1595 4001 1973 4068 Indictione
2006 4018 2199 4085 nona,
2231 4001 2344 4067 IV.
2378 4000 2527 4066 idus
2562 3997 2741 4080 Maii,

347 4127 697 4194 regnorum
745 4115 1120 4175 nostrorum
1167 4125 1340 4174 anno
1389 4113 1510 4188 25„
1556 4105 1828 4188 Imperii
1874 4125 2033 4172 vero
2088 4112 2187 4171 17.

556 4213 774 4299 (On-iq.
793 4215 965 4277 arch.
985 4222 1136 4279 stat.
1159 4212 1320 4278 Mor.
1343 4213 1404 4275 in
1414 4219 1509 4274 ter
1525 4207 1890 4294 Privileyia
1908 4232 1969 4276 η.
1989 4211 2090 4278 18.
2102 4248 2175 4258 -
2192 4207 2447 4272 Brandl
2464 4207 2543 4276 X.
2562 4205 2741 4292 121.)

2431 4326 2531 4383 37*
