3288 4973
1267 401 1654 462 -421—

268 605 568 671 dominiis
614 623 693 671 ac
741 603 1167 687 pertinentiis
1214 604 1351 670 suis
1407 613 1639 670 tenere
1699 603 1885 685 juste
1947 606 2205 686 possint
2253 607 2306 672 ὣ
2353 607 2650 689 legitime

267 711 629 793 possidere,
674 728 821 776 cum
867 707 1168 773 omnibus
1206 708 1493 791 juribuS,
1538 708 1715 774 nullo
1771 727 2041 789 prorsus
2091 719 2389 790 excepto,
2455 715 2652 791 prout

268 821 545 896 possunt
609 831 726 879 seu
790 826 1285 880 consueverunt
1345 813 1511 879 talia
1572 810 1933 894 possideri3
2013 831 2278 880 necnon
2353 815 2652 880 Judaeos

270 920 537 999 habere,
598 917 951 982 theolonea
1007 915 1075 980 in
1136 917 1511 998 praeterito
1566 921 1827 982 statuta
1875 915 1930 980 8⁶
1975 916 2228 982 indicta
2277 919 2652 1000 percipere;

270 1025 573 1102 quodque
619 1021 1083 1104 progenitores
1130 1021 1365 1101 nostri,
1427 1039 1617 1102 reges
1666 1021 1976 1086 Boemiae
2023 1019 2238 1087 felicis
2285 1020 2654 1104 memoriae,

268 1127 527 1207 ipsique
591 1125 927 1206 principes
972 1126 1301 1190 electores
1363 1143 1441 1190 ac
1488 1124 1952 1207 progenitores
2001 1124 2054 1190 ἇς
2103 1127 2654 1206 praedecessores

268 1249 493 1296 eorum
538 1229 832 1312 legitime
881 1229 1223 1310 potuerint
1269 1247 1478 1309 usque
1509 1229 1577 1294 in
1612 1246 1950 1310 praesens
1999 1229 2175 1294 sicut
2225 1230 2347 1294 hoc
2379 1230 2657 1309 antiqua

268 1332 587 1400 laudabili
635 1333 689 1398 ὣ
734 1334 1110 1415 approbata
1158 1333 1660 1414 consuetudine,
1710 1331 2138 1411 diuturnique
2179 1351 2257 1398 ac
2290 1333 2655 1416 longissimi

268 1436 587 1518 temporis
634 1455 835 1501 cursu
884 1435 1305 1517 praescripta
1350 1436 1652 1500 noscitur
1700 1438 2144 1500 observatum.

980 1677 1197 1757 Caput
1241 1677 1324 1743 X.
1388 1677 1502 1742 De
1558 1679 1944 1743 monetis

474 1834 843 1901 Statuimus
900 1841 1273 1914 praeterea,
1323 1841 1399 1900 ut
1446 1832 1591 1915 regi
1624 1834 1956 1914 Boemiae,
1991 1837 2364 1900 successori
2412 1842 2660 1918 nostre,

266 1940 376 2019 qui
436 1937 641 2005 fuerit
716 1957 836 2020 pro
912 1947 1228 2018 tempore,
1306 1937 1481 2002 sicut
1543 1946 1810 2003 constat
1871 1941 1954 2005 ab
2019 1939 2312 2021 antiquo,
2372 1939 2656 2005 illustris

268 2043 623 2110 memoriae
672 2042 981 2108 Boemiae
1032 2043 1321 2124 regibus,
1380 2043 1628 2108 nostris
1680 2044 2322 2125 praedecessoribuS‚
2387 2044 2659 2109 licuisse

270 2149 321 2214 &a
366 2150 436 2214 in
502 2147 923 2228 possessione
984 2147 1265 2228 pacifica
1321 2147 1637 2212 continua
1699 2147 1880 2228 ipsos
1939 2147 2144 2214 fuisse
2200 2147 2370 2229 juris
2433 2149 2658 2212 subse-

268 2251 555 2333 quentis,
604 2251 920 2317 videlicet
966 2259 1269 2316 monetas
1316 2251 1463 2316 auri
1514 2251 1566 2316 ὣ
1600 2252 1865 2333 argenti
1895 2253 1964 2317 in
1999 2252 2170 2316 omni
2205 2252 2345 2316 loco
2380 2251 2434 2315 ὥ
2467 2257 2659 2332 parte

268 2357 457 2440 regni
504 2356 606 2420 sui
655 2355 709 2420 ἃς
757 2355 1177 2421 subditarum
1222 2355 1284 2420 ei
1316 2362 1654 2422 terrarum
1686 2356 1740 2422 δε
1777 2355 2326 2435 pertinentiarum
2361 2355 2663 2436 omnium,

270 2461 379 2527 ubi
427 2479 551 2527 rex
596 2461 738 2541 ipse
786 2459 1186 2542 decreverit,
1237 2460 1497 2540 sibique
1546 2461 1893 2543 placuerit,
1941 2461 2094 2527 cudi
2138 2459 2363 2527 facere
2400 2459 2454 2527 ὣ
2487 2478 2663 2525 man-

268 2568 449 2647 dare,
499 2570 621 2632 sub
668 2565 845 2630 omni
890 2566 1079 2629 modo
1128 2566 1183 2629 ἄν,
1232 2564 1443 2631 forma
1491 2565 1557 2629 in
1608 2584 1808 2647 regno
1853 2565 1999 2646 ipso
2063 2565 2393 2647 Boemiae,
2447 2565 2515 2631 in
2559 2566 2663 2630 his

267 2673 349 2736 ad
395 2671 568 2736 haec
608 2687 818 2749 usque
867 2679 1168 2750 tempora
1206 2669 1617 2749 observatis;

481 2773 803 2857 Quodque
857 2772 1102 2839 futuris
1168 2780 1493 2854 perpetuo
1562 2774 1860 2839 Boemiae
1925 2773 2192 2853 regibus
2258 2774 2382 2839 hac
2434 2782 2666 2838 nostra

270 2877 613 2959 Imperiali
660 2876 1143 2944 constitutione
1193 2878 1247 2942 <it
1296 2877 1514 2958 gratia
1563 2885 1882 2958 perpetuo
1943 2877 2268 2955 valituris
2315 2898 2354 2942 a
2401 2877 2666 2957 quibus·

272 3000 531 3061 cunque
601 2981 1034 3063 principibus,
1099 2980 1544 3065 magnatibus
1592 2980 1942 3046 comitibus
1989 3000 2068 3045 ac
2134 2980 2436 3062 personis
2497 2979 2669 3061 aliiS,

272 3103 703 3165 quascunque
760 3091 1002 3165 terraS‚
1065 3093 1311 3166 castra,
1376 3086 1853 3165 possessioneS,
1931 3086 2203 3165 praedia
2279 3084 2422 3149 sive
2499 3085 2669 3148 bona

271 3188 477 3255 liceat
538 3207 775 3268 emere,
838 3207 1228 3269 comparare
1292 3170 1409 3254 seu
1475 3189 1543 3254 in
1612 3191 1854 3253 donum
1886 3178 2024 3253 'vel
2095 3189 2518 3254 donationem
2587 3205 2670 3252 ex

275 3312 687 3374 quacumque
741 3312 965 3375 causa,
1012 3292 1189 3379 (aut)
1254 3294 1320 3357 in
1384 3293 1854 3376 obligationem
1903 3293 2221 3373 recipere,
2269 3295 2388 3358 sub
2437 3291 2668 3355 talium

272 3405 631 3480 terrarum,
666 3403 1061 3478 castrorum,
1116 3397 1630 3479 possessionum,
1689 3398 2106 3479 praediorum
2167 3414 2286 3462 seu
2347 3398 2672 3461 bonorum

274 3501 658 3567 conditione
737 3511 1075 3583 consueta,
1161 3509 1235 3567 ut
1325 3502 1643 3569 videlicet
1728 3502 1996 3583 propria
2073 3500 2487 3582 recipiantur
2560 3500 2672 3565 vel

274 3613 747 3687 comparentur
792 3612 865 3671 ut
915 3608 1203 3689 propria,
1248 3607 1463 3673 libera
1516 3607 1698 3673 velut
1745 3606 1958 3672 libera
2005 3607 2058 3672 a
2095 3624 2190 3687 ea,
2222 3623 2394 3685 quae
2427 3608 2668 3686 depen-

270 3711 435 3775 dent
482 3710 551 3774 in
596 3708 879 3789 feudum,
943 3710 1253 3775 similiter
1305 3716 1613 3776 emantur
1660 3711 1724 3775 in
1772 3710 2058 3788 feudum,
2121 3728 2238 3775 seu
2286 3718 2672 3791 comparata

271 3813 509 3879 taliter
544 3821 939 3894 teneantur,
982 3815 1082 3879 ita
1132 3820 1372 3895 tamen,
1419 3818 1593 3894 quod
1642 3814 1769 3895 ipsi
1819 3833 2009 3896 reges
2060 3814 2369 3879 Boemiae
2433 3816 2514 3878 de
2570 3812 2671 3894 iis,

274 3935 445 3997 quae
478 3917 599 3982 hoc
634 3918 821 3983 modo
856 3918 1393 3999 comparaverint
1428 3918 1531 3983 vel
1578 3917 1962 4000 receperint
2008 3918 2062 3982 ἀ
2111 3935 2313 3998 regno
2363 3918 2672 3983 Boemiae

274 4021 593 4086 duxerint
650 4022 1069 4105 applicanda,
1129 4023 1214 4087 ad
1270 4020 1558 4102 pristina
1605 4041 1685 4087 ac
1733 4027 2056 4087 consueta
2098 4022 2248 4105 J'ura
2297 4022 2379 4088 de
2427 4022 2673 4087 talibus

274 4144 467 4192 sacro
518 4127 844 4207 explenda
892 4128 947 4192 ἀ
995 4128 1336 4193 reddenda
1402 4126 1688 4208 Imperio
1737 4126 1872 4191 sint
1925 4126 2258 4191 adstricti.

480 4239 915 4306 Praesentem
989 4238 1415 4306 nihilominus
1491 4238 2034 4304 constitutionem
2085 4237 2138 4301 ὅτ,
2186 4237 2488 4319 gratiam,
2538 4238 2674 4303 vir-

272 4350 415 4409 tute
482 4345 858 4424 praesentis
918 4344 1086 4425 legis
1150 4350 1421 4409 nostrae
1481 4340 1856 4423 Imperialis
1923 4342 2006 4405 ad
2072 4342 2424 4406 universos
2497 4342 2673 4423 prin-
