3288 4973
1468 334 1929 433 ⁸-512—

538 572 806 653 nuptias
868 572 1273 655 convolaret,
1322 594 1403 639 ex
1464 582 1641 657 tunc,
1692 579 1842 641 dum
1891 594 2008 641 rex
2057 577 2382 655 Boemiae,
2431 577 2542 655 qui
2599 595 2718 656 pro
2769 583 2928 641 tein-

536 694 697 757 pore
744 676 968 757 fuerit,
1024 678 1235 744 eidem
1298 681 1599 746 dominae
1664 686 1937 746 nostrae
1999 698 2116 745 sex
2177 681 2384 745 millia
2445 698 2926 760 sexagenarutn

536 799 911 861 grossorum
930 783 1363 865 Pragensium
1390 786 1643 851 usualis
1669 792 1740 850 et
1758 784 2092 849 currentis
2111 790 2414 849 monetae
2437 785 2842 865 persolverit
2857 785 2922 849 in

534 894 773 965 parata
806 888 1087 967 pecunia
1118 888 1541 971 integraliter
1572 899 1641 955 et
1675 890 2018 971 complete,
2052 889 2278 953 statim
2313 890 2398 953 ad
2431 889 2645 971 ipsum
2677 906 2920 971 regem,

536 991 646 1070 qui
678 1010 795 1071 pro
830 998 1127 1072 tempore
1160 992 1383 1075 fuerit,
1412 1012 1534 1058 nec
1568 1012 1698 1059 non
1732 1012 2002 1075 regnum
2037 1000 2108 1058 et
2139 1012 2448 1057 coronam
2481 992 2794 1057 Boemiae
2821 1010 2918 1057 re·

530 1105 835 1177 spectum
858 1098 1105 1163 habere
1128 1098 1532 1180 debebimuS‚
1552 1098 1732 1163 sicut
1757 1097 1956 1163 etiam
1983 1096 2398 1178 promisimus
2419 1105 2490 1162 et
2509 1105 2813 1163 tenemur
2839 1132 2922 1143 -—

532 1200 815 1279 ideoque
846 1202 932 1265 ad
954 1203 1335 1266 mandatum
1369 1202 1706 1284 singulare
1741 1220 1944 1284 supra
1977 1202 2140 1266 dicti
2166 1200 2574 1267 serenissimi
2599 1200 2925 1281 principis

531 1312 601 1369 et
634 1305 879 1370 domini
910 1305 1139 1387 nostri,
1172 1306 1605 1388 Imperatoris
1633 1314 1704 1372 et
1729 1307 2039 1372 Boemiae
2068 1306 2264 1386 regis,
2289 1306 2503 1370 animo
2533 1304 2924 1386 deliberato,

530 1428 691 1475 sano
735 1412 1179 1491 praecedente
1213 1410 1503 1490 consilio,
1540 1414 1620 1477 de
1655 1414 1878 1491 ve1·b0‚
1911 1412 2088 1476 scitu
2123 1420 2191 1475 et
2223 1426 2543 1489 expressa
2575 1408 2948 1475 voluntate·

529 1514 738 1579 totius
786 1514 1253 1579 universitatis
1303 1520 1595 1597 nostrae,
1638 1516 1828 1581 nobis
1879 1519 1958 1580 ob
2009 1516 2130 1579 hoc
2171 1514 2418 1596 pluries
2451 1515 2538 1577 ad
2573 1512 2922 1579 consilium

528 1618 933 1701 convocatiS‚
989 1637 1188 1700 super
1235 1621 1537 1685 omnibus
1584 1621 1998 1702 expressatis
2047 1619 2352 1699 superius
2417 1620 2500 1683 de
2562 1620 2770 1683 verbo
2833 1618 2914 1682 ad

525 1725 819 1803 verbum,
866 1728 1060 1802 prout
1104 1741 1425 1803 expressa
1470 1732 1630 1789 sunt
1678 1731 1747 1790 et
1781 1725 1953 1789 sicut
1989 1725 2056 1789 in
2089 1723 2307 1789 literis
2341 1721 2634 1788 eiusdem
2669 1722 2912 1787 domini

524 1826 807 1893 clariore
856 1826 1357 1908 distinguuntur
1404 1827 1664 1910 notitia,
1713 1828 2056 1909 praefatae
2105 1828 2410 1892 dominae
2449 1834 2726 1892 nostrae
2757 1826 2909 1891 fide·

524 1932 740 1997 litatis
779 1932 1145 2011 homagium
1178 1930 1451 1997 fecimus
1484 1938 1554 1995 et
1588 1932 1883 2002 tacimus.
1919 1932 2330 2013 promisimus
2365 1938 2434 1995 et
2467 1930 2908 2013 promittimus

526 2036 885 2119 juravimus
935 2044 1002 2100 et
1040 2037 1361 2119 ju1·amuS‚
1407 2056 1505 2118 ea,
1552 2038 1728 2102 sicut
1775 2055 2096 2117 expressa
2141 2044 2314 2119 sunt,
2361 2042 2530 2113 rata,
2578 2044 2776 2116 grata
2844 2042 2912 2099 et

525 2146 807 2220 accepta
882 2142 1128 2204 habere
1206 2148 1275 2205 et
1351 2147 1582 2205 tenere
1661 2146 1976 2219 tanquam
2041 2140 2270 2205 fideles
2335 2139 2586 2205 subditi
2651 2144 2720 2204 et
2783 2158 2906 2203 nou

524 2254 760 2311 contra
806 2244 1031 2310 facere
1077 2246 1182 2309 vel
1230 2247 1478 2326 venire,
1527 2249 1730 2310 verbo
1779 2244 1882 2309 vel
1933 2244 2130 2325 facto,
2179 2244 2443 2324 publice
2491 2244 2598 2308 vel
2633 2244 2908 2310 occulte.

732 2366 1192 2432 Praesentium
1285 2370 1406 2431 sub
1498 2374 1771 2435 nostrae
1863 2366 2159 2433 civitatis
2236 2365 2454 2449 sigillo
2531 2366 2912 2431 testimonio

523 2470 883 2537 literarum.

732 2611 975 2675 Datum
1040 2610 1105 2674 iu
1163 2613 1551 2691 supradicta
1615 2611 1895 2678 civitate
1955 2617 2186 2676 nostra
2245 2611 2407 2678 Alta
2473 2613 2664 2677 Muta
2719 2631 2778 2678 a.
2827 2613 2904 2678 D.

528 2721 692 2780 1358
738 2714 806 2778 in
854 2715 960 2779 die
1008 2717 1227 2780 sancti
1274 2716 1603 2780 Matthaei
1653 2716 1937 2796 apostoli
1977 2724 2046 2782 et·
2081 2717 2542 2799 evangelistae
2577 2755 2654 2764 —-
2694 2718 2900 2784 Grecz

521 2821 749 2886 eodem
796 2837 966 2884 anno
1014 2819 1083 2884 in
1129 2819 1361 2901 vigilia
1409 2840 1458 2885 s,
1506 2819 1850 2886 Ludmilae
1899 2827 2023 2886 etc.

726 2973 843 3058 (A.
893 2972 1017 3058 K„

716 3253 867 3318 524.
938 3247 1375 3320 Ludovicus
1446 3252 1785 3322 marchio
1847 3254 1976 3322 ΒΡ.
2025 3251 2416 3324 renuntiat
2452 3255 2769 3341 ‚iuribus
2819 3256 2896 3326 in

510 3356 789 3438 castro,
879 3353 1197 3424 civitate
1292 3358 1371 3424 et
1458 3354 1821 3426 districtu
1913 3357 2374 3445 Spremberg
2463 3359 2616 3428 sibi
2705 3379 2896 3430 com·

510 3457 973 3544 petentibus.

980 3563 1175 3644 1363,
1224 3567 1327 3632 26.
1378 3564 1755 3634 Octobris.
1803 3566 2428 3652 (Augei-munde.)

714 3715 953 3784 Ludwig·
991 3717 1089 3771 der
1128 3718 1345 3785 Romer,
1384 3721 1673 3790 uiarkgraf
1706 3735 1774 3774 zu
1815 3723 2222 3792 Brandenburg
2257 3739 2305 3778 u.
2347 3725 2594 3792 Lausitz,
2635 3727 2894 3795 belmunt,

507 3803 635 3856 dass
692 3803 814 3856 sein
866 3803 1081 3871 bruder‚
1140 3807 1435 3874 markgraf
1485 3807 1740 3876 Ludwig,
1798 3807 1956 3877 burg,
2005 3811 2160 3864 stadt
2195 3826 2246 3864 u.
2287 3811 2418 3866 land
2456 3827 2526 3866 zu
2566 3813 2896 3882 Spremberg

506 3888 656 3942 eiust
692 3888 815 3944 dem
854 3891 1215 3958 markgrafen
1251 3891 1545 3946 Friedrich
1584 3910 1692 3949 von
1729 3895 1974 3950 Meissen
2012 3911 2080 3950 zu
2121 3899 2285 3951 lehen
2323 3899 2608 3955 vei-lichen
2667 3901 2808 3956 habe
2843 3915 2892 3953 ιι.

506 3982 735 4045 entsagt
776 3976 1039 4032 ferneren
1076 3980 1429 4048 anspriichen
1468 3981 1682 4035 darauf.

709 4115 927 4203 (Arch.
974 4117 1042 4184 S.
1096 4119 1298 4184 Wenc.
1344 4157 1431 4171 —-
1474 4121 1756 4188 Joannee
1804 4128 2103 4190 notarius
2143 4127 2472 4212 publicus,
2528 4130 2694 4195 dom.
2743 4127 2886 4190 Fri—

502 4222 716 4285 dorico
765 4224 1131 4288 marchione
1176 4223 1497 4291 Misnensi
1527 4236 1806 4314 petente,
1877 4229 2104 4295 literae
2141 4234 2598 4315 praecede-ntes
2641 4233 2758 4297 sub
2788 4234 2892 4294 sui

504 4327 872 4389 notariatus
918 4329 1101 4414 siquo
1146 4332 1671 4417 trane-sumpsit.)
