3288 4973
1811 392 2197 451 —284—

854 593 1289 677 upplicarunt,
1338 599 1409 659 ut
1456 597 1774 674 quasdam
1826 596 2091 661 litteras
2155 594 2505 678 Friderici,
2565 594 2701 659 divi
2765 595 3196 659 Romanorum

854 698 1241 778 mperatoris
1287 699 1503 780 electi,
1552 700 2092 780 praedecessoris
2138 699 2371 782 nostri,
2425 700 2614 764 nobis
2652 718 2771 780 per
2800 699 2982 778 ipsos
3014 699 3195 765 exhi-

854 800 1005 884 itas;
1051 820 1324 882 quarum
1373 809 1566 870 tenor
1613 809 1684 869 et
1730 805 1938 869 series
1987 805 2292 885 sequitur
2338 794 2426 868 in'
2453 805 2619 868 haec
2665 804 2902 869 verba:

1020 956 1314 1043 (Literna
1382 958 1701 1025 Friderice
1758 960 1838 1029 II.
1886 961 2064 1028 Rom.
2123 961 2284 1045 Imp.
2344 959 2489 1027 ddo.
2555 957 2861 1022 Basileae
2906 981 2963 1026 α.
3012 959 3197 1036 1212,

854 1065 912 1128 6.
957 1059 1135 1145 Sept.
1180 1100 1262 1110 —
1309 1060 1528 1148 Hujus
1575 1064 1816 1128 codicis
1865 1066 2021 1128 tomi
2063 1065 2110 1130 Ι.
2155 1088 2214 1135 η.
2253 1064 2386 1152 24.)

854 1225 1038 1286 ostra
1085 1220 1470 1286 confirmare
1517 1223 1923 1289 auctoritate
1972 1225 2160 1307 regia
2207 1225 2642 1305 dignaremur.

1017 1324 1152 1391 Nos
1199 1326 1426 1406 utique
1475 1328 1922 1407 praefatorum
1971 1330 2440 1409 praelatorum,
2490 1329 2741 1405 ducum,
2805 1327 3198 1408 principum,

854 1447 1144 1513 aronum,
1193 1449 1536 1510 procerum
1585 1439 1655 1497 et
1701 1433 2030 1514 nobilium,
2079 1452 2240 1512 quos
2291 1432 2554 1497 honoris
2603 1437 2671 1496 et
2720 1431 2932 1496 felicis
2974 1438 3198 1497 status

854 1533 1089 1598 tomani
1136 1535 1326 1618 regni
1375 1541 1443 1601 et
1482 1537 1657 1602 sacri
1691 1536 1964 1618 Imperii
1994 1535 2223 1601 fideles
2258 1540 2326 1599 et
2360 1534 2681 1601 sollicitos
2717 1554 2875 1617 prae
2908 1536 3201 1601 caeteris

855 1638 1108 1704 ovimus
1156 1638 1503 1723 zelatores,
1553 1640 1895 1720 ipsumque
1963 1659 2228 1720 regnum
2294 1640 2603 1706 Boemiae
2665 1639 2944 1706 Romani
3005 1639 3201 1722 regni

854 1744 1170 1808 iembrum
1228 1745 1369 1808 tore
1429 1744 1732 1818 nobilius
1794 1744 2392 1825 supplicationibus
2458 1743 2808 1825 benignius
2877 1743 3205 1825 inclinati,

856 1845 1154 1912 raefatas
1229 1847 1493 1914 litteras
1567 1868 1646 1915 ac
1710 1849 1925 1914 omnia
1983 1853 2052 1914 et
2117 1848 2373 1929 singula
2437 1854 2753 1913 contenta
2818 1848 2887 1912 in
2948 1849 3204 1913 eisdem

854 1952 1170 2033 ludamus,
1217 1952 1641 2036 ratificamuS,
1709 1956 2167 2035 approbamus,
2224 1954 2677 2018 confirmamus
2746 1958 2814 2016 et
2876 1954 2957 2016 de
3021 1970 3200 2017 novo

854 2076 889 2122 x
937 2048 1128 2122 certa'
1170 2056 1454 2123 scientia
1500 2059 1581 2122 de
1629 2065 1903 2123 nostrae
1950 2059 2287 2123 Romanae
2335 2057 2559 2139 regiae
2618 2055 3032 2137 plenitudine
3087 2074 3202 2138 po-

854 2160 1098 2241 estatis,
1147 2159 1485 2242 praefatis,
1533 2180 1755 2243 regne,
1813 2161 2148 2243 praelatis,
2195 2160 2489 2241 ducibus,
2536 2160 2963 2242 principibus,
3006 2163 3206 2226 baro·

855 2263 1025 2346 ibuS,
1073 2265 1459 2345 proceribus
1506 2271 1576 2330 et
1621 2266 1951 2331 nobilibus
2000 2285 2079 2330 ac
2125 2265 2554 2331 universitati
2614 2265 2804 2347 regni
2866 2264 3082 2345 ipsius
3134 2276 3207 2330 et

854 2367 1360 2435 ertinentiarum
1411 2370 1724 2452 ejusdem,
1771 2373 1854 2435 ad
1902 2390 2084 2436 usum
2135 2376 2205 2436 et
2251 2389 2414 2450 opus
2469 2388 2691 2452 regum
2754 2369 3072 2434 Boemiae
3141 2371 3207 2434 in

854 2477 1196 2555 erpetuum
1246 2476 1492 2556 damuS,
1539 2482 1771 2542 tenore
1818 2477 2272 2557 praesentium
2305 2474 2700 2541 conferimus
2738 2481 2807 2540 et
2842 2476 3212 2554 donamus,

854 2596 1061 2643 mnem
1110 2578 1604 2648 diminutionem
1653 2585 1723 2646 et
1768 2579 2115 2663 defectum,
2160 2581 2216 2645 si
2273 2580 2419 2660 quis
2452 2579 2518 2644 in
2557 2580 2938 2660 praemissis
2972 2578 3209 2660 fuerit,

854 2701 886 2748 e
933 2683 1224 2749 uberiori
1270 2683 1438 2750 dono
1485 2684 1860 2766 majestatis
1907 2686 2241 2751 Romanae
2274 2685 2499 2765 regiae
2524 2689 2594 2750 et
2626 2682 3048 2764 plenitudine
3088 2702 3203 2766 po-

854 2788 1082 2853 estatis
1123 2792 1517 2869 reparantes
1565 2789 1930 2854 omnimode
1977 2798 2046 2853 et
2094 2788 2493 2870 supplentes

1012 2892 1480 2958 Verumtamen
1526 2893 1585 2959 si
1630 2893 1811 2958 circa
1860 2897 2176 2959 contenta
2221 2893 2286 2958 in
2338 2892 2659 2973 praefatis
2713 2891 2961 2957 litteris
3033 2911 3202 2959 non-

854 2995 969 3061 ulli
1019 2998 1471 3079 calumpniari,
1521 3005 1638 3062 aut
1685 3016 1766 3064 ea
1813 2998 2245 3080 interpretari
2293 2998 2583 3079 sinistre,
2630 3015 2748 3063 seu
2794 2998 2863 3062 in
2925 3015 3205 3064 sensum

854 3104 1157 3183 eprobum
1204 3102 1567 3185 declarare,
1615 3104 1742 3167 imo
1792 3103 2013 3168 verius
2061 3101 2404 3168 obscurari
2451 3101 2733 3167 forsitan
2796 3102 3204 3184 niterentur,

854 3207 890 3270 d
937 3205 1299 3271 tollendum
1360 3208 1442 3271 de
1501 3206 1717 3272 medio
1780 3224 1968 3271 omne
2031 3206 2293 3271 dubium
2351 3207 2458 3271 vel
2521 3208 2889 3284 obscurum,
2952 3206 3206 3284 quibus

854 3309 1131 3375 ictarum
1180 3310 1389 3376 series
1438 3310 1819 3392 aspergitur
1863 3310 2224 3380 literarum.
2269 3314 2345 3375 ut
2392 3310 2577 3391 regni
2626 3310 2939 3374 Boemiae
3003 3329 3205 3389 prae-

854 3415 946 3494 iti,
992 3414 1333 3496 ipsiusque
1384 3415 1745 3480 incolarum
1793 3421 2010 3480 status
2058 3416 2126 3479 in
2175 3415 2435 3479 sincera
2480 3413 2748 3495 Imperii
2811 3413 3206 3481 dilectionis

854 3525 1198 3585 erseveret
1243 3520 1597 3585 concordia
1647 3526 1714 3585 et
1764 3520 2081 3585 unitatem
2137 3519 2201 3583 in
2249 3518 2512 3583 vinculo
2561 3518 2745 3600 pacis
2794 3524 3046 3599 servet,
3122 3539 3207 3584 ac

854 3622 1064 3688 icolae
1113 3623 1275 3689 dicti
1323 3624 1514 3707 regni
1561 3625 1690 3689 hiis
1739 3642 1908 3703 quae
1956 3622 2390 3688 dissidentiae
2424 3622 2704 3687 materia
2735 3632 3014 3705 possent
3046 3643 3206 3691 esse

854 3726 1211 3807 amporibus
1261 3726 1626 3809 profuturis
1676 3733 1745 3792 et
1790 3727 2153 3794 animarum
2218 3733 2285 3791 et
2347 3744 2694 3807 corporum
2755 3727 2910 3793 inde
2974 3730 3201 3793 nasci-

854 3828 975 3895 1ris
1021 3831 1340 3911 periculis
1387 3848 1738 3910 rerumque
1787 3830 2153 3912 dispendiis
2201 3830 2622 3911 proventuris
2679 3830 2936 3897 sollerti
3002 3851 3201 3913 prae-

854 3934 1131 4018 entione,
1179 3941 1534 4015 antequam
1583 3935 1948 4015 ordiantur,
1994 3940 2128 3999 tam
2177 3935 2542 4016 prudenter
2588 3953 2783 4014 quam
2826 3935 3205 4003 salubriter

854 4038 1144 4122 raecisis,
1198 4046 1538 4118 tamquam
1598 4039 1930 4105 mansueti
1994 4044 2244 4104 terram
2307 4038 2689 4106 hereditent
2750 4046 2818 4104 et
2881 4039 2952 4105 in
3012 4042 3209 4122 pacis

854 4143 1227 4210 [altitudine
1283 4144 1738 4210 delectentur:
1811 4143 2200 4209 electionem
2276 4144 2456 4227 regis
2526 4143 2834 4209 Boemiae
2905 4147 2973 4209 in
3048 4165 3214 4213 casu

854 4253 1148 4317 umtaxat
1197 4254 1266 4314 et
1315 4251 1581 4329 eventu,
1628 4248 1863 4327 quibus
1896 4249 1977 4311 de
2009 4248 2415 4329 genealogia,
2451 4247 2767 4331 progenie
2799 4248 2908 4313 vel
2942 4251 3203 4316 semine

854 4360 919 4421 ut
965 4352 1279 4442 prosapia
1333 4352 1541 4438 regali
1604 4352 1915 4421 Boemiae
1979 4352 2310 4419 masculus
2376 4351 2480 4419 vel
2528 4350 2792 4421 femella
2846 4361 3203 4438 superstes
