3288 4973
1139 1019 1410 1124 Pers
1486 1023 2041 1151 posterior.

1339 1395 1851 1480 SERIES
1948 1397 1975 1422 ⁹

391 1607 1088 1710 docmatec‘ntorum
1147 1607 1375 1686 ium‘s
1438 1609 1759 1686 publici
1816 1609 1919 1672 ab
1969 1625 2198 1674 anm)
2244 1607 2479 1674 1306
2522 1625 2787 1688 usqae

1199 1755 1313 1818 ad
1359 1771 1696 1819 annum
1739 1754 1902 1819 142
1910 1755 1985 1820 0.

605 1957 675 2026 1.
717 1955 1053 2028 Barones
1099 1955 1441 2028 Boemiae
1485 1959 1885 2044 testantur,
1930 1961 2115 2046 quot
2158 1961 2237 2030 et
2271 1959 2526 2047 qualia
2552 1960 2781 2048 privi-

385 2059 590 2148 legia
637 2078 962 2148 regnum
1007 2059 1228 2130 Boem
1236 2060 1352 2130 iae
1395 2060 1687 2131 habeat.

1288 2189 1514 2277 1306,
1566 2191 1686 2262 23.
1738 2193 1895 2263 oct.

599 2365 804 2419 Occiso
843 2365 1191 2434 wenceslao,
1230 2366 1464 2433 septimo
1503 2379 1638 2432 rege
1677 2365 1996 2435 Bohemiae,
2034 2365 2091 2418 in
2120 2363 2441 2436 juventutis
2480 2379 2614 2420 suae
2650 2365 2785 2421 flore

385 2454 458 2520 (4.
497 2453 643 2523 Aug.
689 2451 862 2521 1306),
899 2450 1054 2508 facta
1093 2459 1181 2506 est
1218 2457 1334 2507 tam
1372 2452 1634 2507 baronum
1660 2451 1943 2521 nobilium,
1984 2467 2145 2520 quam
2171 2451 2375 2507 civium
2398 2467 2497 2522 pro
2526 2452 2778 2524 eligendo

383 2556 518 2609 rege
557 2540 750 2595 altero
786 2539 854 2593 ad
893 2538 1164 2594 Octavam
1200 2538 1612 2608 Assumptionis
1651 2540 1759 2607 (22.
1800 2541 1942 2607 Aug.
1983 2540 2142 2607 1306)
2180 2538 2465 2608 generalis
2502 2539 2560 2595 in
2599 2540 2783 2611 Praga

385 2625 735 2682 convocatio.
791 2626 862 2681 In
906 2640 1012 2693 quo
1070 2626 1310 2681 termino
1346 2625 1812 2680 dissentientibus
1848 2626 1995 2680 votis
2034 2632 2095 2680 et
2130 2626 2423 2682 affectibus
2460 2626 2777 2696 disparibus

381 2713 664 2781 impedita
687 2712 800 2767 fuit
821 2712 1111 2767 concordia
1137 2711 1446 2767 electionis
1485 2712 1721 2779 Quidam
1748 2714 1893 2767 enini
1917 2712 2067 2767 inter
2094 2714 2364 2768 electores
2390 2714 2449 2767 in
2470 2714 2787 2785 Rudolfum,

383 2801 580 2855 ducem
621 2798 905 2869 Austriae,
943 2798 1115 2853 filium
1153 2798 1372 2853 Alberti
1410 2800 1561 2867 regis
1587 2801 1975 2869 Romanorum,
2014 2799 2113 2855 alii
2140 2800 2197 2855 in
2223 2800 2541 2869 Henricum‚
2580 2800 2774 2855 ducem

385 2886 748 2955 Karinthiae,
803 2886 896 2953 qui
947 2894 1084 2940 tunc
1119 2886 1492 2954 personaliter
1529 2886 1708 2954 affuit,
1763 2892 1895 2942 vota
1934 2902 2033 2941 sua
2070 2886 2339 2956 dirigunt,
2378 2888 2551 2957 major
2586 2894 2776 2943 tamen

385 2990 516 3042 pars
579 2972 863 3029 hominum
917 2974 1236 3043 Henricum‚
1298 2973 1491 3028 ducem
1543 2973 1893 3043 Karintbiae,
1958 2989 2022 3028 eo
2074 2974 2219 3041 quod
2280 2973 2553 3028 seniorem
2614 2974 2781 3045 regni

387 3060 630 3117 haberet
667 3059 838 3115 filiam
890 3060 951 3113 in
989 3059 1264 3130 conjugio,
1312 3076 1411 3128 pro
1449 3076 1584 3129 rege
1621 3060 1729 3115 sibi
1766 3060 2021 3129 postulat
2058 3068 2116 3114 et
2154 3059 2332 3128 eligit.
2388 3062 2777 3117 Instrumenta

389 3149 777 3216 producuntur
813 3163 910 3215 pro
947 3147 1070 3216 ipso
1107 3146 1540 3215 imperialia„ut
1579 3148 1659 3216 „si
1699 3148 1821 3215 quis
1860 3162 2053 3215 regum
2080 3148 2377 3202 Bohemiae
2414 3148 2533 3203 sine
2562 3164 2775 3204 mascu-

391 3234 506 3290 lina
541 3234 816 3303 progenie
865 3234 1181 3291 discederet
1231 3250 1298 3287 ex
1348 3235 1453 3289 hac
1498 3234 1634 3303 vita,
1692 3235 1805 3288 filia
1856 3236 2045 3289 eodem
2074 3234 2203 3303 jure
2239 3234 2299 3289 in
2338 3249 2529 3304 regno,
2570 3252 2676 3304 quo
2715 3244 2775 3291 et

398 3321 565 3391 filius,
617 3316 860 3392 ‘gaudere
910 3321 1130 3392 debeat,
1180 3338 1250 3377 ne
1298 3322 1493 3376 mortis
1541 3322 1842 3389 aliquando
1891 3322 2173 3389 rapacitas
2212 3320 2361 3376 filum
2397 3322 2775 3392 generationis

397 3408 598 3477 regiae
635 3408 1056 3475 interrumpat.“
1099 3409 1312 3476 (Chr-on.
1351 3409 1525 3460 Ardae
1565 3408 1794 3479 Regiae.)

610 3547 838 3600 Sorores
892 3548 1183 3614 praefatae
1233 3549 1443 3615 Annae,
1500 3548 1688 3600 uxoris
1737 3546 1983 3615 Henrici,
2034 3545 2368 3601 Karinthiae
2406 3546 2579 3614 ducis,
2618 3546 2775 3601 flexis

395 3632 638 3702 genibus
691 3646 872 3685 coram
911 3632 1161 3687 omnibus
1201 3633 1474 3688 nobilibus
1514 3632 1676 3701 regni
1712 3632 1972 3688 Boemiae
2009 3632 2229 3700 publice
2267 3632 2671 3702 supplicarunt,
2703 3649 2773 3689 ne

391 3719 716 3774 hereditate
772 3734 890 3789 sua,
945 3726 1084 3787 puta
1139 3735 1313 3789 regno
1361 3720 1638 3789 Boemiae,
1684 3720 2057 3788 privarentur,
2112 3735 2219 3775 nec
2272 3720 2615 3788 Rudolphus,
2677 3721 2774 3775 sed

391 3806 688 3876 Hem-icus,
734 3806 979 3861 sororius
1029 3821 1235 3875 earum,
1289 3808 1476 3877 potius
1513 3808 1761 3877 eligatur
1797 3806 1857 3862 in
1894 3821 2095 3878 regem,
2152 3806 2523 3873 producentes
2577 3822 2674 3875 pro
2712 3824 2773 3863 se

389 3891 686 3961 imperalia
721 3894 1066 3963 documenta,
1111 3894 1308 3961 quibus
1347 3894 1668 3963 cavebatur,
1710 3894 1789 3961 „si
1828 3894 1949 3962 quis
1986 3908 2177 3965 regum
2213 3892 2335 3948 sine
2372 3892 2526 3961 prole
2562 3908 2775 3948 mascu-

389 3978 493 4033 lini
533 3992 700 4035 sexus
745 3980 1059 4051 decederet,
1104 3990 1392 4049 superstes
1427 3982 1545 4036 filia
1581 3982 1775 4037 eadem
1812 3980 2163 4036 successione
2202 3996 2310 4047 qua
2347 3980 2495 4034 filius
2532 3979 2776 4051 gaudere

387 4066 642 4137 deberet,
694 4083 764 4122 ne
819 4067 1017 4122 mortis
1068 4070 1287 4124 occasio
1336 4068 1652 4139 aliquando,
1706 4068 1835 4124 dum
1888 4083 1996 4123 non
2044 4074 2177 4122 sunt
2213 4066 2331 4137 filii,
2370 4067 2773 4121 successionem

390 4153 820 4222 intermmpat.“
859 4154 1152 4224 (Puzkavae
1189 4156 1526 4223 Chr-enicas.)

597 4292 975 4360 Imperialium
1002 4292 1498 4349 instrumentorum
1535 4313 1568 4350 a
1604 4294 1776 4350 Petro
1815 4294 2017 4349 abbate
2042 4293 2218 4348 Aulae
2256 4292 2471 4361 Regiae
2508 4291 2777 4346 adducto-

392 4394 518 4438 rum
551 4378 708 4437 nulla
744 4378 1097 4455 reperiuntur
1135 4379 1411 4453 vestigia;
1449 4386 1850 4457 testanturque
1888 4380 2101 4436 nobiles
2140 4379 2404 4437 Boemiae
2444 4392 2587 4436 anno
2630 4380 2785 4459 1306,
