3288 4973
1379 398 1679 461 ...3-

363 712 418 776 C
465 712 524 778 d.
543 564 1024 795 (ἰοῄῆςωεϋο
1085 602 1513 673 libertatum
1583 602 1943 675 ecclesiae
1989 604 2417 695 Pragensis.
2499 610 2729 681 1253.

328 717 360 796 (
421 730 460 776 o
611 761 626 775 .
671 714 774 777 44.

551 864 1037 952 Privilegium
1098 866 1574 952 episcopatus
1637 865 2145 937 Olomucensis
2206 868 2720 943 confirmatum

327 974 412 1038 et
456 972 780 1039 anctum.
833 968 1060 1039 1256.
1111 971 1293 1056 (Cod.
1339 970 1390 1037 I.
1435 972 1567 1050 46.)

545 1124 842 1196 Literae
913 1125 1332 1197 Alexandri
1403 1126 1531 1197 IV.
1605 1146 1843 1214 papae
1916 1147 2145 1215 super
2232 1132 2717 1203 coronatione

333 1229 758 1319 Premyslai
803 1230 1104 1345 Otacari
1151 1228 1244 1301 ΙΙ.
1301 1231 1527 1302 1260.
1575 1234 1759 1318 (βοά.
1805 1232 1856 1301 Ι.
1903 1234 2036 1321 48.)

547 1368 848 1440 Literae
943 1371 1244 1441 Otacari
1345 1370 1767 1460 Premyslai
1840 1371 1936 1441 Il.
2031 1374 2240 1460 regis
2329 1374 2721 1447 libertates

325 1474 694 1545 ecclesiae
739 1474 1148 1563 Pragensis
1194 1474 1721 1546 confirmantis.
1778 1475 2004 1547 1262.
2054 1478 2238 1565 (cod.
2286 1480 2335 1549 Ι.
2381 1482 2510 1565 49.)

544 1614 1012 1685 Investitnra
1103 1614 1312 1702 regis
1402 1614 1819 1703 Premyslai
1907 1616 2229 1687 otakari
2312 1617 2407 1689 ΙΙ.
2496 1618 2722 1707 1262,

337 1720 412 1789 9.
468 1718 662 1806 Aug.
741 1720 924 1805 (Cod.
970 1720 1022 1789 Ι.
1069 1720 1200 1805 50.)

544 1858 965 1946 Premyslai
1009 1856 1104 1929 11.
1167 1859 1378 1947 regis
1434 1858 1512 1928 in
1574 1858 1922 1929 heredem
1992 1860 2227 1933 Ulrici
2287 1863 2504 1935 ducis
2566 1882 2733 1936 con-

334 1964 658 2033 stitutio.
713 1962 940 2050 1267,
987 1962 1059 2034 4.
1109 1964 1277 2033 Dec.
1329 1966 1510 2051 (Cod.
1556 1965 1608 2031 Ι.
1657 1964 1787 2051 55.)

547 2103 804 2173 Pactio
875 2100 969 2172 de
1044 2102 1360 2173 confinio
1433 2103 1634 2173 inter
1707 2102 2115 2174 Moraviam
2206 2109 2284 2176 et
2369 2106 2720 2178 ducatum

329 2207 822 2295 Opoliensem.
869 2207 990 2279 Ca.
1047 2206 1272 2277 1267.
1321 2206 1504 2294 (Cod.
1549 2208 1600 2275 Ι.
1650 2209 1777 2293 57.)

545 2343 882 2418 Clemens
929 2365 1123 2433 papa
1168 2346 1288 2416 IV.
1340 2346 1662 2417 Otacaro
1705 2346 1872 2433 regi
1917 2346 2283 2436 indulget,
2336 2352 2423 2419 ut
2452 2353 2725 2439 terras,

329 2470 526 2542 quas
591 2452 687 2522 de
748 2451 1088 2524 manibus
1155 2450 1669 2522 Litwanorum
1738 2450 1859 2522 vel
1926 2451 2243 2523 aliorum
2314 2453 2725 2527 infidelium

331 2557 722 2646 eripuerit,
757 2577 900 2628 non
925 2557 1166 2628 solum
1196 2557 1291 2626 ad
1323 2575 1585 2627 manus
1617 2575 1795 2626 suas
1827 2556 2172 2644 retinere,
2204 2557 2337 2629 sed
2368 2560 2595 2630 etiam
2624 2561 2717 2632 de

330 2663 546 2750 ipsis,
558 2663 838 2750 absque
856 2665 1100 2732 tamen
1120 2659 1580 2749 praejudicio
1596 2659 1921 2729 fratrum
1940 2661 2105 2730 Ord.
2128 2661 2723 2752 Teutonicorum‚

328 2766 1013 2958 liber431disp051ere
1058 2766 1318 2852 possit.
1362 2763 1586 2848 1268,
1635 2763 1759 2834 26.
1806 2763 1975 2835 Jan.
2024 2765 2248 2853 (Ao-ch.
2290 2767 2355 2836 S.
2397 2769 2601 2837 Wenc.
2642 2810 2725 2820 —

331 2873 501 2940 Eml.
585 2873 632 2941 I.
677 2873 824 2938 696.

545 3011 842 3083 creatio
866 3009 1336 3097 principatus
1356 3006 1868 3095 Oppaviensis.
1896 3008 2017 3078 Ca.
2051 3008 2277 3080 1269.
2308 3011 2489 3098 (Cod.
2515 3013 2565 3078 Ι.
2592 3013 2722 3098 60.)

539 3151 962 3238 Stephanus
1049 3148 1659 3235 archiepiscopus
1735 3145 2181 3234 colocensiS‚
2272 3149 2715 3236 hampertus

327 3254 760 3344 AgriensiS‚
786 3254 835 3325 J
839 3255 934 3326 ob
973 3253 1814 3342 Quinqueecclesiensis‚
1858 3252 2250 3340 Philippus
2284 3253 2724 3342 Waciensi8‚

328 3361 616 3432 Paulus
666 3359 1264 3446 vesprimiensis,
1328 3357 1759 3429 Timotheus
1805 3356 2339 3445 Zagrabiensis
2384 3361 2463 3430 et
2508 3358 2722 3429 Ladi-

333 3467 546 3538 slaus
590 3464 1030 3535 Timmensis
1073 3463 1409 3551 episcopi
1453 3483 1590 3550 pro
1635 3461 2011 3549 Stephano
2056 3483 2242 3550 rege
2290 3463 2726 3551 Hungariae

324 3573 616 3661 jurant,
691 3568 900 3639 illum
983 3569 1296 3639 formam
1370 3568 1580 3655 pacis
1639 3587 1805 3638 cum
1865 3571 2185 3638 Otacaro
2249 3587 2433 3655 rege
2493 3568 2729 3639 initae

333 3676 914 3748 observaturum
987 3693 1174 3745 esse.
1231 3672 1458 3760 1271,
1522 3673 1588 3742 2.
1668 3671 1873 3742 Julii.
1950 3673 2171 3758 (Ar-ck.
2231 3671 2299 3740 S.
2370 3673 2573 3741 Wenc.
2638 3713 2725 3723 -

331 3780 500 3850 Eme.
544 3781 636 3850 II.
683 3781 855 3866 754.)

545 3919 943 3991 Tractatus
1017 3917 1224 4006 pacis
1301 3917 1500 3988 inter
1575 3916 2087 4006 Premyslaum
2166 3916 2564 3987 Otacarum
2630 3918 2727 3988 ΙΙ.

333 4025 682 4097 Boemiae
728 4028 807 4095 et
850 4021 1306 4111 Stephanum
1351 4021 1732 4110 Ungariae
1776 4041 2052 4109 regem.
2093 4019 2319 4107 1271,
2363 4020 2481 4091 14.
2514 4020 2726 4093 Julii.

335 4133 520 4218 (cod.
569 4131 622 4200 L
670 4131 800 4218 62.)

545 4269 861 4340 Pactum
918 4269 1012 4339 de
1074 4268 1290 4339 bonis
1357 4267 1703 4337 comitum
1774 4265 1947 4336 olim
2010 4265 2103 4334 (le
2162 4265 2440 4351 Bogen.
2498 4265 2725 4336 1273.

337 4377 524 4462 (Cod.
569 4376 622 4442 I.
669 4375 799 4464 63.)

2421 4491 2485 4546 1*
