3288 4973
1366 341 1760 402 „483-

351 540 631 606 Achalm
693 547 765 607 et
822 542 1227 610 Hoenstauff
1299 545 1385 609 ad
1457 545 1569 627 jus
1653 549 1726 610 et
1795 544 2276 627 proprietatem
2345 544 2621 626 Imperii
2690 562 2746 612 s.

352 645 736 725 spectantia
782 650 853 711 et
896 664 981 712 ex
1025 646 1228 713 multo
1276 652 1575 729 tempore
1621 651 1706 714 ab
1752 648 1898 730 ipso
1945 647 2258 731 alienata,
2291 648 2359 713 in
2392 647 2748 731 pristinum

345 749 457 833 jus
505 754 574 813 et
622 749 1107 831 proprietatem
1150 751 1560 833 imperialem
1604 751 2146 833 recuperavimus
2193 758 2261 817 et
2307 752 2377 818 in
2408 752 2752 835 antiquam

349 850 737 918 reduximus
771 858 1191 935 potestatem.
1222 856 1357 922 Ubi
1387 854 1589 921 etiam
1624 856 1856 922 eodem
1887 860 2186 937 tempore
2217 862 2444 923 castra
2467 856 2751 923 Lauter-

346 956 515 1038 burg
586 962 658 1022 et
716 956 1119 1023 Rosenstein
1180 978 1305 1025 nec
1368 977 1499 1025 non
1560 959 1808 1041 oppida
1879 958 2054 1025 Alen
2115 964 2186 1027 et
2246 959 2568 1027 Heubach
2629 978 2752 1041 per

344 1060 753 1141 spectabiles
782 1060 1185 1128 Ludovicum
1212 1062 1536 1129 seniorem
1563 1068 1632 1129 et
1658 1062 2065 1129 Ludovicum
2087 1061 2438 1145 juniorem,
2459 1062 2739 1131 comites

341 1166 426 1229 de
476 1164 859 1249 Oettingen,
904 1166 1135 1232 fideles
1179 1174 1447 1233 nostros
1493 1165 1796 1250 dilectos,
1841 1166 2216 1234 venditioni
2267 1166 2487 1249 palam
2543 1185 2744 1250 expo-

340 1269 478 1335 sita
525 1271 609 1334 de
654 1270 973 1335 thesauro
1040 1272 1227 1352 regni
1285 1271 1502 1337 nostri
1562 1272 1873 1337 Boemiae
1938 1290 2057 1353 pro
2119 1273 2350 1338 eodem
2413 1288 2618 1355 regno
2672 1278 2744 1339 et

338 1373 485 1439 eius
531 1373 777 1455 insigni
836 1390 1079 1439 corona
1144 1373 1672 1457 comparavimus
1717 1379 1789 1441 et
1835 1376 1982 1457 ipsa
2028 1375 2097 1441 in
2143 1376 2503 1442 eorundem
2549 1376 2740 1459 regni

340 1483 410 1543 et
480 1494 765 1543 coronae
836 1478 1137 1543 Boemiae
1204 1476 1689 1559 transtulimus,
1765 1478 2096 1545 univimus
2175 1484 2244 1545 et
2315 1479 2737 1547 fundavimus

337 1586 764 1663 potestatem.

548 1685 1049 1765 consequenter
1116 1704 1248 1751 una
1310 1706 1457 1752 cum
1524 1685 1773 1752 eisdem
1844 1685 2260 1767 principibus
2329 1685 2732 1755 electoribus

336 1788 794 1855 consideravit
842 1794 913 1855 et
958 1788 1091 1856 rite
1138 1790 1491 1871 perpendit
1536 1798 1771 1856 nostra
1816 1790 2171 1873 serenitaS,
2233 1792 2550 1869 quomodo
2613 1809 2734 1872 pro

336 1892 827 1976 gubernatione
872 1893 1311 1975 imperialium
1370 1899 1722 1975 terrarum,
1786 1900 1926 1960 tam
1971 1893 2040 1959 in
2087 1892 2352 1977 Suevia,
2412 1912 2606 1975 quam
2659 1896 2728 1961 in

326 1997 480 2063 aliis
528 1997 913 2079 regionibus
958 1996 1343 2079 convicinis,
1392 2004 1619 2063 castra
1667 1998 1946 2064 Achalm
1997 2004 2068 2062 et
2110 1996 2517 2064 Hoenstauff
2539 2006 2727 2066 ante·

324 2101 526 2181 dicta,
573 2100 737 2167 licet
780 2101 849 2165 in
896 2119 969 2165 se
1016 2119 1220 2182 supra
1266 2102 1525 2166 modum
1574 2106 1803 2168 essent
1849 2101 2060 2182 utilia,
2107 2106 2334 2166 tamen
2397 2120 2515 2182 pro
2583 2120 2725 2168 cer·

322 2206 485 2271 tiori
532 2204 1068 2287 magnificatione
1118 2210 1189 2271 et
1233 2205 1407 2270 sacri
1454 2204 1724 2287 Imperii
1786 2205 2268 2288 propagatione
2329 2209 2398 2271 et
2449 2206 2723 2287 amplia·

323 2309 511 2375 tione
544 2309 967 2375 districtuum
998 2308 1421 2375 finitimorum
1448 2309 1862 2393 indigebant,
1891 2309 2228 2389 talemque
2261 2309 2724 2375 dilatationem

325 2412 525 2480 dictis
608 2412 851 2479 castris
931 2413 1209 2479 Achalm
1271 2419 1340 2479 et
1400 2413 1806 2479 Hoenstauff
1878 2431 1958 2479 ac
2036 2412 2318 2480 dominio
2385 2412 2716 2496 imperiali

320 2521 687 2600 proficuam
761 2536 843 2584 ex
912 2519 1419 2600 permutatione,
1493 2537 1666 2599 quae
1747 2520 1829 2585 de
1899 2517 2144 2584 castris
2214 2519 2598 2601 Luterburg
2644 2525 2716 2585 et

322 2622 735 2689 Rosenstein
808 2641 933 2688 nec
1007 2641 1136 2687 non
1204 2623 1467 2705 oppidis
1534 2623 1732 2688 Allen
1802 2628 1871 2688 et
1945 2623 2272 2690 Heubach
2349 2622 2718 2704 praedictis

322 2744 684 2806 eorumque
730 2726 1151 2792 districtibus
1198 2727 1347 2793 fieri
1394 2731 1679 2808 poterat,
1743 2726 1958 2793 visum
1999 2726 2128 2792 fuit
2173 2727 2365 2792 nobis
2411 2731 2482 2792 et
2527 2745 2716 2807 prae-

317 2830 518 2896 dictis
587 2829 996 2911 principibus
1055 2847 1253 2912 posse
1314 2830 1666 2896 utilissime
1728 2830 2041 2913 ordinari,
2105 2847 2182 2897 eo
2245 2831 2418 2910 quod
2481 2830 2711 2896 eadem

318 2939 565 3016 castra,
610 2933 855 3014 oppida
900 2939 969 2998 et
1014 2932 1363 3000 districtus
1411 2953 1553 3000 cum
1594 2936 1736 3018 jam
1781 2934 1978 3000 dictis
2027 2934 2272 3000 castris
2318 2933 2603 2999 Achaliu
2644 2941 2715 3002 et

313 3037 723 3104 Hoenstauff
784 3039 1118 3103 confinare
1196 3055 1275 3102 ac
1354 3044 1784 3118 utrorumque
1841 3037 2090 3103 limites
2153 3055 2303 3104 sese
2366 3039 2712 3122 contigere

316 3141 823 3226 dignoscuntur.

522 3243 890 3310 Praeterea
944 3244 1224 3326 provida
1270 3251 1340 3310 et
1386 3245 1613 3324 sagaci
1669 3262 1798 3309 una
1855 3263 1999 3310 cum
2047 3246 2411 3325 praedictis
2459 3247 2705 3327 princi·

310 3349 509 3431 pibus
572 3349 977 3414 electoribus
1039 3347 1454 3414 discussione
1515 3355 1748 3414 nostra
1805 3349 2095 3414 sollicite
2142 3349 2454 3429 pensavit
2501 3351 2708 3416 subli-

306 3453 531 3536 mitas,
622 3453 914 3533 qualiter
988 3457 1282 3519 castrum
1358 3451 1721 3518 Parkstein
1797 3459 1867 3516 et
1943 3457 2233 3518 castrum
2308 3451 2708 3537 Karlswald‚

302 3555 511 3622 situm
556 3556 627 3621 in
673 3561 857 3622 terra
900 3555 1191 3639 Egrensi
1256 3574 1400 3622 cum
1462 3561 1728 3622 centum
1789 3556 2036 3621 mansis
2096 3562 2322 3622 terrae
2389 3559 2476 3622 ad
2536 3557 2702 3624 illud

305 3661 800 3743 spectantibus,
848 3659 1156 3741 oppidum
1203 3660 1464 3742 Weyda
1511 3666 1580 3724 et
1627 3662 1984 3726 eorundem
2031 3661 2223 3742 bona,
2269 3659 2490 3742 villae,
2556 3679 2706 3742 per-

304 3765 639 3831 tinentiae
686 3770 757 3829 et
788 3763 1159 3844 districtus,
1190 3763 1351 3828 licet
1385 3765 1464 3829 de
1496 3763 1824 3843 imperiali
1859 3763 2275 3844 proprietate
2308 3765 2701 3848 consistant,

300 3886 439 3934 non
486 3873 648 3934 sunt
694 3873 916 3933 tamen
965 3865 1253 3934 caeteris
1300 3866 1754 3949 imperialibus
1803 3865 2117 3950 contigua
2149 3872 2220 3933 et
2251 3867 2462 3950 magis
2495 3886 2699 3950 regno

298 3980 533 4039 nostro
583 3971 656 4036 B.
706 3989 825 4037 seu
872 3970 1074 4037 terris
1122 3971 1435 4054 eiusdem,
1497 3989 1658 4051 quas
1722 3977 1912 4036 trans
1973 3970 2211 4037 silvam
2269 3972 2695 4038 boemicalem

295 4077 373 4143 in
418 4075 713 4142 Bavaria
749 4073 955 4156 justis
991 4079 1060 4139 et
1094 4074 1603 4140 rationabilibus
1638 4074 1854 4141 titulis
1889 4073 2309 4156 conquisivit,
2340 4077 2695 4159 conjuncta

292 4189 457 4247 sunt
504 4177 866 4262 contingue
912 4183 980 4244 et
1024 4179 1244 4244 vicine
1291 4183 1361 4243 et
1392 4185 1617 4246 castra
1678 4179 2093 4260 Lutterburg
2156 4184 2225 4246 et
2288 4179 2694 4246 Rosenstein

290 4281 588 4366 Imperio
636 4300 851 4364 sacro,
894 4287 1095 4360 atque
1143 4289 1368 4348 castra
1415 4281 1778 4348 Parkstein
1826 4289 1897 4347 et
1941 4281 2322 4348 Karlswald
2366 4300 2571 4363 regno
2629 4290 2698 4350 et
2791 4278 2796 4284 ’

2387 4419 2486 4472 31*
