<?xml version="1.0" encoding="UTF-8"?>
<!DOCTYPE html PUBLIC "-//W3C//DTD XHTML 1.0 Transitional//EN"
    "http://www.w3.org/TR/xhtml1/DTD/xhtml1-transitional.dtd">
<html xmlns="http://www.w3.org/1999/xhtml" xml:lang="en" lang="en">
 <head>
  <title>
</title>
<meta http-equiv="Content-Type" content="text/html;charset=utf-8" />
  <meta name='ocr-system' content='tesseract 3.04.00' />
  <meta name='ocr-capabilities' content='ocr_page ocr_carea ocr_par ocr_line ocrx_word'/>
</head>
<body>
  <div class='ocr_page' id='page_1' title='image "./codexjurisbohem00bohegoog_0399.png"; bbox 0 0 3288 4973; ppageno 0'>
   <div class='ocr_carea' id='block_1_1' title="bbox 1322 348 1712 409">
    <p class='ocr_par' dir='ltr' id='par_1_1' title="bbox 1322 348 1712 409">
     <span class='ocr_line' id='line_1_1' title="bbox 1322 348 1712 409; baseline 0.003 -1"><span class='ocrx_word' id='word_1_1' title='bbox 1322 348 1712 409; x_wconf 85' lang='lat'>-385-·</span> 
     </span>
    </p>
   </div>
   <div class='ocr_carea' id='block_1_2' title="bbox 316 545 2711 4401">
    <p class='ocr_par' dir='ltr' id='par_1_2' title="bbox 316 545 2711 3143">
     <span class='ocr_line' id='line_1_2' title="bbox 524 545 2706 634; baseline 0.001 -21"><span class='ocrx_word' id='word_1_2' title='bbox 524 547 663 613; x_wconf 90' lang='lat' dir='ltr'><strong>Nos</strong></span> <span class='ocrx_word' id='word_1_3' title='bbox 712 545 1055 631; x_wconf 81' lang='lat' dir='ltr'><strong>GerlacuS,</strong></span> <span class='ocrx_word' id='word_1_4' title='bbox 1117 548 1195 615; x_wconf 90' lang='lat' dir='ltr'><strong>D.</strong></span> <span class='ocrx_word' id='word_1_5' title='bbox 1262 570 1356 633; x_wconf 85' lang='lat' dir='ltr'><strong>gr.</strong></span> <span class='ocrx_word' id='word_1_6' title='bbox 1428 556 1706 617; x_wconf 85' lang='lat' dir='ltr'><strong>sanctae</strong></span> <span class='ocrx_word' id='word_1_7' title='bbox 1776 550 2310 634; x_wconf 84' lang='lat' dir='ltr'><strong>Moguntinensis</strong></span> <span class='ocrx_word' id='word_1_8' title='bbox 2376 551 2706 617; x_wconf 89' lang='lat' dir='ltr'><strong>ecclesiae</strong></span> 
     </span>
     <span class='ocr_line' id='line_1_3' title="bbox 320 650 2703 737; baseline 0.002 -22"><span class='ocrx_word' id='word_1_9' title='bbox 320 652 881 735; x_wconf 54' lang='lat' dir='ltr'><strong>archiepiscopus</strong></span> <span class='ocrx_word' id='word_1_10' title='bbox 927 653 1099 720; x_wconf 89' lang='lat' dir='ltr'><strong>sacri</strong></span> <span class='ocrx_word' id='word_1_11' title='bbox 1146 650 1418 737; x_wconf 90' lang='lat' dir='ltr'><strong>Imperii</strong></span> <span class='ocrx_word' id='word_1_12' title='bbox 1451 674 1570 737; x_wconf 90' lang='lat' dir='ltr'><strong>per</strong></span> <span class='ocrx_word' id='word_1_13' title='bbox 1600 655 2026 724; x_wconf 78' lang='lat' dir='ltr'><strong>Germaniam</strong></span> <span class='ocrx_word' id='word_1_14' title='bbox 2056 654 2703 721; x_wconf 80' lang='lat' dir='ltr'><strong>archicancellarius,</strong></span> 
     </span>
     <span class='ocr_line' id='line_1_4' title="bbox 322 754 2702 842; baseline 0.002 -21"><span class='ocrx_word' id='word_1_15' title='bbox 322 755 563 821; x_wconf 89' lang='lat' dir='ltr'><strong>Notum</strong></span> <span class='ocrx_word' id='word_1_16' title='bbox 608 754 887 823; x_wconf 86' lang='lat' dir='ltr'><strong>facimus</strong></span> <span class='ocrx_word' id='word_1_17' title='bbox 934 758 1387 840; x_wconf 88' lang='lat' dir='ltr'><strong>praesentium</strong></span> <span class='ocrx_word' id='word_1_18' title='bbox 1431 759 1926 842; x_wconf 85' lang='lat' dir='ltr'><strong>inspectoribus</strong></span> <span class='ocrx_word' id='word_1_19' title='bbox 1976 765 2044 825; x_wconf 91' lang='lat' dir='ltr'><strong>et</strong></span> <span class='ocrx_word' id='word_1_20' title='bbox 2094 758 2512 825; x_wconf 81' lang='lat' dir='ltr'><strong>auditoribus</strong></span> <span class='ocrx_word' id='word_1_21' title='bbox 2557 761 2702 825; x_wconf 84' lang='lat' dir='ltr'><strong>uni·</strong></span> 
     </span>
     <span class='ocr_line' id='line_1_5' title="bbox 324 860 2703 946; baseline 0.002 -21"><span class='ocrx_word' id='word_1_22' title='bbox 324 860 553 927; x_wconf 73' lang='lat' dir='ltr'><strong>versis</strong></span> <span class='ocrx_word' id='word_1_23' title='bbox 645 860 961 944; x_wconf 78' lang='lat' dir='ltr'><strong>Quamvis</strong></span> <span class='ocrx_word' id='word_1_24' title='bbox 1042 862 1317 929; x_wconf 79' lang='lat' dir='ltr'><strong>litterae</strong></span> <span class='ocrx_word' id='word_1_25' title='bbox 1390 861 1804 931; x_wconf 87' lang='lat' dir='ltr'><strong>serenissimi</strong></span> <span class='ocrx_word' id='word_1_26' title='bbox 1875 883 1956 929; x_wconf 87' lang='lat' dir='ltr'><strong>ac</strong></span> <span class='ocrx_word' id='word_1_27' title='bbox 2029 863 2454 929; x_wconf 80' lang='lat' dir='ltr'><strong>invictissimi</strong></span> <span class='ocrx_word' id='word_1_28' title='bbox 2526 865 2703 946; x_wconf 90' lang='lat' dir='ltr'><strong>prin-</strong></span> 
     </span>
     <span class='ocr_line' id='line_1_6' title="bbox 323 964 2706 1051; baseline 0.003 -22"><span class='ocrx_word' id='word_1_29' title='bbox 323 964 486 1047; x_wconf 89' lang='lat' dir='ltr'><strong>cipis</strong></span> <span class='ocrx_word' id='word_1_30' title='bbox 510 972 585 1032; x_wconf 88' lang='lat' dir='ltr'><strong>et</strong></span> <span class='ocrx_word' id='word_1_31' title='bbox 607 967 869 1049; x_wconf 87' lang='lat' dir='ltr'><strong>domini,</strong></span> <span class='ocrx_word' id='word_1_32' title='bbox 894 968 953 1033; x_wconf 89' lang='lat' dir='ltr'><strong>d.</strong></span> <span class='ocrx_word' id='word_1_33' title='bbox 976 967 1231 1051; x_wconf 87' lang='lat' dir='ltr'><strong>Karoli,</strong></span> <span class='ocrx_word' id='word_1_34' title='bbox 1252 968 1694 1035; x_wconf 89' lang='lat' dir='ltr'><strong>Romanorum</strong></span> <span class='ocrx_word' id='word_1_35' title='bbox 1726 986 1989 1050; x_wconf 85' lang='lat' dir='ltr'><strong>semper</strong></span> <span class='ocrx_word' id='word_1_36' title='bbox 2009 970 2276 1047; x_wconf 82' lang='lat' dir='ltr'><strong>augusti</strong></span> <span class='ocrx_word' id='word_1_37' title='bbox 2300 974 2370 1033; x_wconf 90' lang='lat' dir='ltr'><strong>et</strong></span> <span class='ocrx_word' id='word_1_38' title='bbox 2392 968 2706 1035; x_wconf 89' lang='lat' dir='ltr'><strong>Boemiae</strong></span> 
     </span>
     <span class='ocr_line' id='line_1_7' title="bbox 324 1070 2703 1155; baseline 0.002 -21"><span class='ocrx_word' id='word_1_39' title='bbox 324 1070 514 1153; x_wconf 81' lang='lat' dir='ltr'><strong>regiS,</strong></span> <span class='ocrx_word' id='word_1_40' title='bbox 561 1071 805 1137; x_wconf 90' lang='lat' dir='ltr'><strong>domini</strong></span> <span class='ocrx_word' id='word_1_41' title='bbox 850 1072 1063 1139; x_wconf 90' lang='lat' dir='ltr'><strong>nostri</strong></span> <span class='ocrx_word' id='word_1_42' title='bbox 1108 1072 1409 1155; x_wconf 84' lang='lat' dir='ltr'><strong>gratiosi,</strong></span> <span class='ocrx_word' id='word_1_43' title='bbox 1470 1092 1634 1153; x_wconf 87' lang='lat' dir='ltr'><strong>quas</strong></span> <span class='ocrx_word' id='word_1_44' title='bbox 1691 1090 1894 1155; x_wconf 88' lang='lat' dir='ltr'><strong>super</strong></span> <span class='ocrx_word' id='word_1_45' title='bbox 1938 1071 2342 1154; x_wconf 82' lang='lat' dir='ltr'><strong>obligatione</strong></span> <span class='ocrx_word' id='word_1_46' title='bbox 2387 1076 2456 1137; x_wconf 92' lang='lat' dir='ltr'><strong>et</strong></span> <span class='ocrx_word' id='word_1_47' title='bbox 2501 1072 2703 1139; x_wconf 84' lang='lat' dir='ltr'><strong>infra·</strong></span> 
     </span>
     <span class='ocr_line' id='line_1_8' title="bbox 326 1172 2703 1261; baseline 0.003 -24"><span class='ocrx_word' id='word_1_48' title='bbox 326 1172 591 1255; x_wconf 84' lang='lat' dir='ltr'><strong>scriptis</strong></span> <span class='ocrx_word' id='word_1_49' title='bbox 639 1174 777 1243; x_wconf 89' lang='lat' dir='ltr'><strong>suis</strong></span> <span class='ocrx_word' id='word_1_50' title='bbox 836 1175 1243 1261; x_wconf 86' lang='lat' dir='ltr'><strong>pignoribus,</strong></span> <span class='ocrx_word' id='word_1_51' title='bbox 1299 1178 1431 1243; x_wconf 87' lang='lat' dir='ltr'><strong>vid.</strong></span> <span class='ocrx_word' id='word_1_52' title='bbox 1480 1176 1762 1244; x_wconf 88' lang='lat' dir='ltr'><strong>civitate</strong></span> <span class='ocrx_word' id='word_1_53' title='bbox 1823 1174 2113 1259; x_wconf 87' lang='lat' dir='ltr'><strong>Egrensi</strong></span> <span class='ocrx_word' id='word_1_54' title='bbox 2173 1184 2244 1243; x_wconf 89' lang='lat' dir='ltr'><strong>et</strong></span> <span class='ocrx_word' id='word_1_55' title='bbox 2304 1177 2448 1243; x_wconf 89' lang='lat' dir='ltr'><strong>eius</strong></span> <span class='ocrx_word' id='word_1_56' title='bbox 2507 1177 2703 1245; x_wconf 87' lang='lat' dir='ltr'><strong>terri-</strong></span> 
     </span>
     <span class='ocr_line' id='line_1_9' title="bbox 323 1278 2706 1365; baseline 0.003 -23"><span class='ocrx_word' id='word_1_57' title='bbox 323 1278 511 1361; x_wconf 87' lang='lat' dir='ltr'><strong>tori0,</strong></span> <span class='ocrx_word' id='word_1_58' title='bbox 554 1298 813 1347; x_wconf 89' lang='lat' dir='ltr'><strong>necnon</strong></span> <span class='ocrx_word' id='word_1_59' title='bbox 859 1281 1103 1348; x_wconf 87' lang='lat' dir='ltr'><strong>castris</strong></span> <span class='ocrx_word' id='word_1_60' title='bbox 1150 1287 1223 1347; x_wconf 90' lang='lat' dir='ltr'><strong>et</strong></span> <span class='ocrx_word' id='word_1_61' title='bbox 1265 1281 1743 1349; x_wconf 83' lang='lat' dir='ltr'><strong>munitionibus</strong></span> <span class='ocrx_word' id='word_1_62' title='bbox 1791 1280 1998 1349; x_wconf 82' lang='lat' dir='ltr'><strong>Flozz</strong></span> <span class='ocrx_word' id='word_1_63' title='bbox 2060 1286 2131 1349; x_wconf 91' lang='lat' dir='ltr'><strong>et</strong></span> <span class='ocrx_word' id='word_1_64' title='bbox 2190 1282 2573 1365; x_wconf 88' lang='lat' dir='ltr'><strong>Parksteyn</strong></span> <span class='ocrx_word' id='word_1_65' title='bbox 2633 1288 2706 1349; x_wconf 91' lang='lat' dir='ltr'><strong>et</strong></span> 
     </span>
     <span class='ocr_line' id='line_1_10' title="bbox 328 1384 2704 1469; baseline 0.003 -22"><span class='ocrx_word' id='word_1_66' title='bbox 328 1400 545 1448; x_wconf 90' lang='lat' dir='ltr'><strong>eorum</strong></span> <span class='ocrx_word' id='word_1_67' title='bbox 591 1384 1019 1465; x_wconf 85' lang='lat' dir='ltr'><strong>pertinentiis</strong></span> <span class='ocrx_word' id='word_1_68' title='bbox 1065 1384 1319 1468; x_wconf 84' lang='lat' dir='ltr'><strong>pridem</strong></span> <span class='ocrx_word' id='word_1_69' title='bbox 1366 1386 1674 1469; x_wconf 84' lang='lat' dir='ltr'><strong>obtinuit,</strong></span> <span class='ocrx_word' id='word_1_70' title='bbox 1721 1404 2016 1467; x_wconf 85' lang='lat' dir='ltr'><strong>quasque</strong></span> <span class='ocrx_word' id='word_1_71' title='bbox 2063 1389 2288 1453; x_wconf 90' lang='lat' dir='ltr'><strong>clarae</strong></span> <span class='ocrx_word' id='word_1_72' title='bbox 2347 1388 2704 1453; x_wconf 89' lang='lat' dir='ltr'><strong>memoriae</strong></span> 
     </span>
     <span class='ocr_line' id='line_1_11' title="bbox 325 1484 2706 1575; baseline 0.003 -26"><span class='ocrx_word' id='word_1_73' title='bbox 325 1485 617 1553; x_wconf 82' lang='lat' dir='ltr'><strong>illustres</strong></span> <span class='ocrx_word' id='word_1_74' title='bbox 656 1487 1009 1573; x_wconf 78' lang='lat' dir='ltr'><strong>principeS,</strong></span> <span class='ocrx_word' id='word_1_75' title='bbox 1040 1490 1367 1571; x_wconf 86' lang='lat' dir='ltr'><strong>quondam</strong></span> <span class='ocrx_word' id='word_1_76' title='bbox 1399 1508 1595 1575; x_wconf 86' lang='lat' dir='ltr'><strong>reges</strong></span> <span class='ocrx_word' id='word_1_77' title='bbox 1630 1491 1724 1575; x_wconf 92' lang='grc' dir='ltr'><strong>Β.,</strong></span> <span class='ocrx_word' id='word_1_78' title='bbox 1755 1490 2218 1575; x_wconf 85' lang='lat' dir='ltr'><strong>progenitores</strong></span> <span class='ocrx_word' id='word_1_79' title='bbox 2251 1484 2372 1573; x_wconf 88' lang='lat' dir='ltr'><strong>sui,</strong></span> <span class='ocrx_word' id='word_1_80' title='bbox 2403 1508 2485 1556; x_wconf 82' lang='lat' dir='ltr'><strong>ex</strong></span> <span class='ocrx_word' id='word_1_81' title='bbox 2515 1495 2706 1556; x_wconf 88' lang='lat' dir='ltr'><strong>nota-</strong></span> 
     </span>
     <span class='ocr_line' id='line_1_12' title="bbox 324 1591 2709 1678; baseline 0.001 -21"><span class='ocrx_word' id='word_1_82' title='bbox 324 1591 562 1657; x_wconf 90' lang='lat' dir='ltr'><strong>bilibus</strong></span> <span class='ocrx_word' id='word_1_83' title='bbox 609 1592 830 1659; x_wconf 87' lang='lat' dir='ltr'><strong>causis</strong></span> <span class='ocrx_word' id='word_1_84' title='bbox 875 1614 917 1660; x_wconf 88' lang='lat' dir='ltr'><strong>a</strong></span> <span class='ocrx_word' id='word_1_85' title='bbox 960 1612 1154 1661; x_wconf 88' lang='lat' dir='ltr'><strong>sacro</strong></span> <span class='ocrx_word' id='word_1_86' title='bbox 1197 1594 1497 1662; x_wconf 86' lang='lat' dir='ltr'><strong>Romano</strong></span> <span class='ocrx_word' id='word_1_87' title='bbox 1542 1595 1832 1677; x_wconf 83' lang='lat' dir='ltr'><strong>Imperio</strong></span> <span class='ocrx_word' id='word_1_88' title='bbox 1891 1596 2262 1663; x_wconf 85' lang='lat' dir='ltr'><strong>obtinuisse</strong></span> <span class='ocrx_word' id='word_1_89' title='bbox 2322 1600 2709 1678; x_wconf 86' lang='lat' dir='ltr'><strong>noscuntur,</strong></span> 
     </span>
     <span class='ocr_line' id='line_1_13' title="bbox 327 1696 2711 1782; baseline 0 -20"><span class='ocrx_word' id='word_1_90' title='bbox 327 1696 579 1763; x_wconf 86' lang='lat' dir='ltr'><strong>sinistri</strong></span> <span class='ocrx_word' id='word_1_91' title='bbox 626 1716 822 1764; x_wconf 87' lang='lat' dir='ltr'><strong>casus</strong></span> <span class='ocrx_word' id='word_1_92' title='bbox 868 1701 1113 1766; x_wconf 88' lang='lat' dir='ltr'><strong>odiosis</strong></span> <span class='ocrx_word' id='word_1_93' title='bbox 1176 1701 1530 1767; x_wconf 83' lang='lat' dir='ltr'><strong>eventibus</strong></span> <span class='ocrx_word' id='word_1_94' title='bbox 1592 1708 1930 1767; x_wconf 84' lang='lat' dir='ltr'><strong>crematae</strong></span> <span class='ocrx_word' id='word_1_95' title='bbox 1975 1706 2045 1767; x_wconf 91' lang='lat' dir='ltr'><strong>et</strong></span> <span class='ocrx_word' id='word_1_96' title='bbox 2089 1700 2396 1782; x_wconf 85' lang='lat' dir='ltr'><strong>perditae</strong></span> <span class='ocrx_word' id='word_1_97' title='bbox 2455 1698 2711 1765; x_wconf 80' lang='lat' dir='ltr'><strong>fuerint</strong></span> 
     </span>
     <span class='ocr_line' id='line_1_14' title="bbox 328 1801 2707 1888; baseline 0.001 -21"><span class='ocrx_word' id='word_1_98' title='bbox 328 1806 393 1867; x_wconf 87' lang='lat' dir='ltr'><strong>et</strong></span> <span class='ocrx_word' id='word_1_99' title='bbox 435 1801 589 1885; x_wconf 90' lang='lat' dir='ltr'><strong>sint,</strong></span> <span class='ocrx_word' id='word_1_100' title='bbox 636 1804 809 1883; x_wconf 91' lang='lat' dir='ltr'><strong>quod</strong></span> <span class='ocrx_word' id='word_1_101' title='bbox 854 1821 1075 1870; x_wconf 89' lang='lat' dir='ltr'><strong>eorum</strong></span> <span class='ocrx_word' id='word_1_102' title='bbox 1124 1804 1458 1885; x_wconf 86' lang='lat' dir='ltr'><strong>praesidio</strong></span> <span class='ocrx_word' id='word_1_103' title='bbox 1503 1806 1603 1871; x_wconf 89' lang='lat' dir='ltr'><strong>uti</strong></span> <span class='ocrx_word' id='word_1_104' title='bbox 1661 1824 1791 1871; x_wconf 91' lang='lat' dir='ltr'><strong>non</strong></span> <span class='ocrx_word' id='word_1_105' title='bbox 1841 1812 2066 1888; x_wconf 84' lang='lat' dir='ltr'><strong>potest</strong></span> <span class='ocrx_word' id='word_1_106' title='bbox 2117 1807 2202 1870; x_wconf 87' lang='lat' dir='ltr'><strong>ad</strong></span> <span class='ocrx_word' id='word_1_107' title='bbox 2257 1804 2707 1870; x_wconf 88' lang='lat' dir='ltr'><strong>ostensionem</strong></span> 
     </span>
     <span class='ocr_line' id='line_1_15' title="bbox 322 1907 2707 1991; baseline 0 -18"><span class='ocrx_word' id='word_1_108' title='bbox 322 1909 423 1974; x_wconf 89' lang='lat' dir='ltr'><strong>sui</strong></span> <span class='ocrx_word' id='word_1_109' title='bbox 487 1908 675 1991; x_wconf 80' lang='lat' dir='ltr'><strong>iuriS‚</strong></span> <span class='ocrx_word' id='word_1_110' title='bbox 742 1908 914 1974; x_wconf 84' lang='lat' dir='ltr'><strong>sicut</strong></span> <span class='ocrx_word' id='word_1_111' title='bbox 985 1907 1233 1976; x_wconf 87' lang='lat' dir='ltr'><strong>eisdem</strong></span> <span class='ocrx_word' id='word_1_112' title='bbox 1296 1908 1534 1975; x_wconf 89' lang='lat' dir='ltr'><strong>merito</strong></span> <span class='ocrx_word' id='word_1_113' title='bbox 1595 1915 1934 1975; x_wconf 86' lang='lat' dir='ltr'><strong>uteretur:</strong></span> <span class='ocrx_word' id='word_1_114' title='bbox 1979 1915 2203 1975; x_wconf 89' lang='lat' dir='ltr'><strong>tamen</strong></span> <span class='ocrx_word' id='word_1_115' title='bbox 2265 1926 2414 1975; x_wconf 91' lang='lat' dir='ltr'><strong>cum</strong></span> <span class='ocrx_word' id='word_1_116' title='bbox 2473 1910 2707 1974; x_wconf 89' lang='lat' dir='ltr'><strong>eadem</strong></span> 
     </span>
     <span class='ocr_line' id='line_1_16' title="bbox 322 2012 2704 2097; baseline 0.001 -20"><span class='ocrx_word' id='word_1_117' title='bbox 322 2012 636 2096; x_wconf 89' lang='lat' dir='ltr'><strong>obligatio</strong></span> <span class='ocrx_word' id='word_1_118' title='bbox 684 2031 805 2080; x_wconf 90' lang='lat' dir='ltr'><strong>seu</strong></span> <span class='ocrx_word' id='word_1_119' title='bbox 851 2014 1226 2097; x_wconf 85' lang='lat' dir='ltr'><strong>pignoratio</strong></span> <span class='ocrx_word' id='word_1_120' title='bbox 1272 2022 1432 2081; x_wconf 84' lang='lat' dir='ltr'><strong>nota</strong></span> <span class='ocrx_word' id='word_1_121' title='bbox 1479 2014 1569 2080; x_wconf 88' lang='lat' dir='ltr'><strong>sit</strong></span> <span class='ocrx_word' id='word_1_122' title='bbox 1616 2013 1879 2097; x_wconf 90' lang='lat' dir='ltr'><strong>publice</strong></span> <span class='ocrx_word' id='word_1_123' title='bbox 1925 2020 1997 2080; x_wconf 88' lang='lat' dir='ltr'><strong>et</strong></span> <span class='ocrx_word' id='word_1_124' title='bbox 2039 2032 2163 2079; x_wconf 91' lang='lat' dir='ltr'><strong>nos</strong></span> <span class='ocrx_word' id='word_1_125' title='bbox 2208 2016 2290 2079; x_wconf 91' lang='lat' dir='ltr'><strong>de</strong></span> <span class='ocrx_word' id='word_1_126' title='bbox 2323 2012 2704 2079; x_wconf 87' lang='lat' dir='ltr'><strong>conditione</strong></span> 
     </span>
     <span class='ocr_line' id='line_1_17' title="bbox 323 2116 2699 2200; baseline 0 -18"><span class='ocrx_word' id='word_1_127' title='bbox 323 2118 741 2200; x_wconf 81' lang='lat' dir='ltr'><strong>obligationis</strong></span> <span class='ocrx_word' id='word_1_128' title='bbox 789 2118 1159 2185; x_wconf 90' lang='lat' dir='ltr'><strong>huiusmodi</strong></span> <span class='ocrx_word' id='word_1_129' title='bbox 1192 2118 1397 2186; x_wconf 89' lang='lat' dir='ltr'><strong>simus</strong></span> <span class='ocrx_word' id='word_1_130' title='bbox 1432 2119 1626 2200; x_wconf 90' lang='lat' dir='ltr'><strong>plene</strong></span> <span class='ocrx_word' id='word_1_131' title='bbox 1661 2124 1730 2184; x_wconf 92' lang='lat' dir='ltr'><strong>et</strong></span> <span class='ocrx_word' id='word_1_132' title='bbox 1761 2116 2172 2185; x_wconf 89' lang='lat' dir='ltr'><strong>sufficienter</strong></span> <span class='ocrx_word' id='word_1_133' title='bbox 2201 2117 2534 2192; x_wconf 76' lang='lat' dir='ltr'><strong>instructi,</strong></span> <span class='ocrx_word' id='word_1_134' title='bbox 2569 2117 2699 2182; x_wconf 86' lang='lat' dir='ltr'><strong>vid.</strong></span> 
     </span>
     <span class='ocr_line' id='line_1_18' title="bbox 316 2221 2702 2307; baseline -0 -21"><span class='ocrx_word' id='word_1_135' title='bbox 316 2223 485 2300; x_wconf 89' lang='lat' dir='ltr'><strong>quod</strong></span> <span class='ocrx_word' id='word_1_136' title='bbox 550 2221 861 2303; x_wconf 87' lang='lat' dir='ltr'><strong>praefata</strong></span> <span class='ocrx_word' id='word_1_137' title='bbox 926 2224 1251 2307; x_wconf 87' lang='lat' dir='ltr'><strong>Egrensis</strong></span> <span class='ocrx_word' id='word_1_138' title='bbox 1322 2223 1567 2292; x_wconf 86' lang='lat' dir='ltr'><strong>civitas</strong></span> <span class='ocrx_word' id='word_1_139' title='bbox 1641 2242 1784 2290; x_wconf 88' lang='lat' dir='ltr'><strong>cum</strong></span> <span class='ocrx_word' id='word_1_140' title='bbox 1855 2241 1974 2287; x_wconf 91' lang='lat' dir='ltr'><strong>suo</strong></span> <span class='ocrx_word' id='word_1_141' title='bbox 2032 2222 2397 2304; x_wconf 80' lang='lat' dir='ltr'><strong>territoriO,</strong></span> <span class='ocrx_word' id='word_1_142' title='bbox 2443 2238 2702 2287; x_wconf 90' lang='lat' dir='ltr'><strong>necnon</strong></span> 
     </span>
     <span class='ocr_line' id='line_1_19' title="bbox 316 2324 2702 2395; baseline 0 -5"><span class='ocrx_word' id='word_1_143' title='bbox 316 2333 537 2391; x_wconf 85' lang='lat' dir='ltr'><strong>castra</strong></span> <span class='ocrx_word' id='word_1_144' title='bbox 582 2346 701 2393; x_wconf 91' lang='lat' dir='ltr'><strong>seu</strong></span> <span class='ocrx_word' id='word_1_145' title='bbox 750 2328 1153 2393; x_wconf 89' lang='lat' dir='ltr'><strong>munitiones</strong></span> <span class='ocrx_word' id='word_1_146' title='bbox 1200 2329 1403 2395; x_wconf 85' lang='lat' dir='ltr'><strong>Flozz</strong></span> <span class='ocrx_word' id='word_1_147' title='bbox 1453 2336 1521 2395; x_wconf 91' lang='lat' dir='ltr'><strong>et</strong></span> <span class='ocrx_word' id='word_1_148' title='bbox 1568 2328 1933 2395; x_wconf 84' lang='lat' dir='ltr'><strong>Parkstein</strong></span> <span class='ocrx_word' id='word_1_149' title='bbox 1995 2346 2140 2393; x_wconf 90' lang='lat' dir='ltr'><strong>cum</strong></span> <span class='ocrx_word' id='word_1_150' title='bbox 2201 2326 2498 2392; x_wconf 86' lang='lat' dir='ltr'><strong>omnibus</strong></span> <span class='ocrx_word' id='word_1_151' title='bbox 2561 2324 2702 2391; x_wconf 90' lang='lat' dir='ltr'><strong>suis</strong></span> 
     </span>
     <span class='ocr_line' id='line_1_20' title="bbox 316 2430 2703 2517; baseline -0 -19"><span class='ocrx_word' id='word_1_152' title='bbox 316 2432 743 2513; x_wconf 85' lang='lat' dir='ltr'><strong>pertinentiis</strong></span> <span class='ocrx_word' id='word_1_153' title='bbox 776 2451 978 2516; x_wconf 83' lang='lat' dir='ltr'><strong>regno</strong></span> <span class='ocrx_word' id='word_1_154' title='bbox 1012 2442 1081 2500; x_wconf 90' lang='lat' dir='ltr'><strong>et</strong></span> <span class='ocrx_word' id='word_1_155' title='bbox 1123 2452 1405 2502; x_wconf 89' lang='lat' dir='ltr'><strong>coronae</strong></span> <span class='ocrx_word' id='word_1_156' title='bbox 1456 2436 1525 2502; x_wconf 91' lang='lat' dir='ltr'><strong>B.</strong></span> <span class='ocrx_word' id='word_1_157' title='bbox 1575 2453 1692 2517; x_wconf 91' lang='lat' dir='ltr'><strong>pro</strong></span> <span class='ocrx_word' id='word_1_158' title='bbox 1741 2433 2182 2516; x_wconf 81' lang='lat' dir='ltr'><strong>quadraginta</strong></span> <span class='ocrx_word' id='word_1_159' title='bbox 2215 2430 2504 2498; x_wconf 86' lang='lat' dir='ltr'><strong>millibus</strong></span> <span class='ocrx_word' id='word_1_160' title='bbox 2535 2450 2703 2497; x_wconf 89' lang='lat' dir='ltr'><strong>mar-</strong></span> 
     </span>
     <span class='ocr_line' id='line_1_21' title="bbox 319 2535 2706 2626; baseline -0.001 -23"><span class='ocrx_word' id='word_1_161' title='bbox 319 2556 534 2603; x_wconf 89' lang='lat' dir='ltr'><strong>carum</strong></span> <span class='ocrx_word' id='word_1_162' title='bbox 603 2539 753 2619; x_wconf 87' lang='lat' dir='ltr'><strong>puri</strong></span> <span class='ocrx_word' id='word_1_163' title='bbox 813 2539 1093 2622; x_wconf 84' lang='lat' dir='ltr'><strong>argenti,</strong></span> <span class='ocrx_word' id='word_1_164' title='bbox 1156 2539 1443 2622; x_wconf 88' lang='lat' dir='ltr'><strong>quinque</strong></span> <span class='ocrx_word' id='word_1_165' title='bbox 1503 2539 1774 2606; x_wconf 89' lang='lat' dir='ltr'><strong>florenis</strong></span> <span class='ocrx_word' id='word_1_166' title='bbox 1837 2558 1981 2626; x_wconf 83' lang='lat' dir='ltr'><strong>cum</strong></span> <span class='ocrx_word' id='word_1_167' title='bbox 2042 2537 2312 2604; x_wconf 89' lang='lat' dir='ltr'><strong>dimidio</strong></span> <span class='ocrx_word' id='word_1_168' title='bbox 2370 2535 2706 2602; x_wconf 87' lang='lat' dir='ltr'><strong>florentini</strong></span> 
     </span>
     <span class='ocr_line' id='line_1_22' title="bbox 320 2641 2708 2726; baseline 0 -20"><span class='ocrx_word' id='word_1_169' title='bbox 320 2642 627 2721; x_wconf 89' lang='lat' dir='ltr'><strong>ponderis</strong></span> <span class='ocrx_word' id='word_1_170' title='bbox 694 2659 813 2723; x_wconf 92' lang='lat' dir='ltr'><strong>pro</strong></span> <span class='ocrx_word' id='word_1_171' title='bbox 873 2661 1100 2709; x_wconf 89' lang='lat' dir='ltr'><strong>marca</strong></span> <span class='ocrx_word' id='word_1_172' title='bbox 1159 2645 1457 2724; x_wconf 87' lang='lat' dir='ltr'><strong>qualibet</strong></span> <span class='ocrx_word' id='word_1_173' title='bbox 1517 2645 1998 2726; x_wconf 88' lang='lat' dir='ltr'><strong>computandis,</strong></span> <span class='ocrx_word' id='word_1_174' title='bbox 2059 2661 2099 2707; x_wconf 89' lang='lat' dir='ltr'><strong>a</strong></span> <span class='ocrx_word' id='word_1_175' title='bbox 2158 2659 2350 2708; x_wconf 91' lang='lat' dir='ltr'><strong>sacro</strong></span> <span class='ocrx_word' id='word_1_176' title='bbox 2413 2641 2708 2708; x_wconf 87' lang='lat' dir='ltr'><strong>Romano</strong></span> 
     </span>
     <span class='ocr_line' id='line_1_23' title="bbox 320 2745 2703 2832; baseline -0 -22"><span class='ocrx_word' id='word_1_177' title='bbox 320 2745 601 2826; x_wconf 89' lang='lat' dir='ltr'><strong>Imperio</strong></span> <span class='ocrx_word' id='word_1_178' title='bbox 646 2747 777 2812; x_wconf 89' lang='lat' dir='ltr'><strong>rite</strong></span> <span class='ocrx_word' id='word_1_179' title='bbox 814 2747 1065 2814; x_wconf 87' lang='lat' dir='ltr'><strong>fuerint</strong></span> <span class='ocrx_word' id='word_1_180' title='bbox 1115 2748 1410 2832; x_wconf 84' lang='lat' dir='ltr'><strong>obligata</strong></span> <span class='ocrx_word' id='word_1_181' title='bbox 1441 2755 1513 2814; x_wconf 90' lang='lat' dir='ltr'><strong>et</strong></span> <span class='ocrx_word' id='word_1_182' title='bbox 1543 2747 2006 2830; x_wconf 80' lang='lat' dir='ltr'><strong>progenitores</strong></span> <span class='ocrx_word' id='word_1_183' title='bbox 2037 2766 2118 2814; x_wconf 89' lang='lat' dir='ltr'><strong>ac</strong></span> <span class='ocrx_word' id='word_1_184' title='bbox 2149 2746 2703 2829; x_wconf 86' lang='lat' dir='ltr'><strong>praedecessores</strong></span> 
     </span>
     <span class='ocr_line' id='line_1_24' title="bbox 324 2850 2704 2938; baseline 0 -24"><span class='ocrx_word' id='word_1_185' title='bbox 324 2850 437 2932; x_wconf 88' lang='lat' dir='ltr'><strong>sui,</strong></span> <span class='ocrx_word' id='word_1_186' title='bbox 460 2868 652 2934; x_wconf 81' lang='lat' dir='ltr'><strong>reges</strong></span> <span class='ocrx_word' id='word_1_187' title='bbox 678 2854 989 2920; x_wconf 88' lang='lat' dir='ltr'><strong>Boemiae</strong></span> <span class='ocrx_word' id='word_1_188' title='bbox 1009 2855 1326 2938; x_wconf 88' lang='lat' dir='ltr'><strong>illustres,</strong></span> <span class='ocrx_word' id='word_1_189' title='bbox 1348 2856 1417 2920; x_wconf 91' lang='lat' dir='ltr'><strong>in</strong></span> <span class='ocrx_word' id='word_1_190' title='bbox 1445 2853 1864 2935; x_wconf 89' lang='lat' dir='ltr'><strong>possessione</strong></span> <span class='ocrx_word' id='word_1_191' title='bbox 1889 2853 2338 2935; x_wconf 86' lang='lat' dir='ltr'><strong>praefatorum</strong></span> <span class='ocrx_word' id='word_1_192' title='bbox 2362 2851 2704 2932; x_wconf 70' lang='lat' dir='ltr'><strong>pignorum</strong></span> 
     </span>
     <span class='ocr_line' id='line_1_25' title="bbox 326 2954 2702 3039; baseline 0 -19"><span class='ocrx_word' id='word_1_193' title='bbox 326 2955 560 3023; x_wconf 84' lang='lat' dir='ltr'><strong>fuerint</strong></span> <span class='ocrx_word' id='word_1_194' title='bbox 604 2963 675 3023; x_wconf 90' lang='lat' dir='ltr'><strong>et</strong></span> <span class='ocrx_word' id='word_1_195' title='bbox 722 2957 866 3039; x_wconf 89' lang='lat' dir='ltr'><strong>ipse</strong></span> <span class='ocrx_word' id='word_1_196' title='bbox 912 2957 1211 3024; x_wconf 86' lang='lat' dir='ltr'><strong>dominus</strong></span> <span class='ocrx_word' id='word_1_197' title='bbox 1265 2963 1494 3023; x_wconf 88' lang='lat' dir='ltr'><strong>noster</strong></span> <span class='ocrx_word' id='word_1_198' title='bbox 1538 2956 1927 3039; x_wconf 86' lang='lat' dir='ltr'><strong>praedictus</strong></span> <span class='ocrx_word' id='word_1_199' title='bbox 1976 2959 2204 3022; x_wconf 88' lang='lat' dir='ltr'><strong>eadem</strong></span> <span class='ocrx_word' id='word_1_200' title='bbox 2242 2955 2520 3038; x_wconf 83' lang='lat' dir='ltr'><strong>pignora</strong></span> <span class='ocrx_word' id='word_1_201' title='bbox 2571 2954 2702 3020; x_wconf 90' lang='lat' dir='ltr'><strong>rite</strong></span> 
     </span>
     <span class='ocr_line' id='line_1_26' title="bbox 330 3058 1202 3143; baseline 0.006 -18"><span class='ocrx_word' id='word_1_202' title='bbox 330 3058 656 3140; x_wconf 86' lang='lat' dir='ltr'><strong>possideat</strong></span> <span class='ocrx_word' id='word_1_203' title='bbox 701 3061 771 3126; x_wconf 92' lang='lat' dir='ltr'><strong>in</strong></span> <span class='ocrx_word' id='word_1_204' title='bbox 816 3063 1202 3143; x_wconf 85' lang='lat' dir='ltr'><strong>praesenti:</strong></span> 
     </span>
    </p>

    <p class='ocr_par' dir='ltr' id='par_1_3' title="bbox 328 3163 2705 4401">
     <span class='ocr_line' id='line_1_27' title="bbox 520 3163 2704 3250; baseline -0.001 -19"><span class='ocrx_word' id='word_1_205' title='bbox 520 3165 976 3233; x_wconf 81' lang='lat' dir='ltr'><strong>consideratis</strong></span> <span class='ocrx_word' id='word_1_206' title='bbox 1035 3166 1246 3250; x_wconf 87' lang='lat' dir='ltr'><strong>igitur</strong></span> <span class='ocrx_word' id='word_1_207' title='bbox 1300 3164 1778 3246; x_wconf 89' lang='lat' dir='ltr'><strong>multiplicibus</strong></span> <span class='ocrx_word' id='word_1_208' title='bbox 1841 3165 2185 3231; x_wconf 83' lang='lat' dir='ltr'><strong>favoribus</strong></span> <span class='ocrx_word' id='word_1_209' title='bbox 2233 3169 2303 3230; x_wconf 91' lang='lat' dir='ltr'><strong>et</strong></span> <span class='ocrx_word' id='word_1_210' title='bbox 2353 3163 2586 3245; x_wconf 80' lang='lat' dir='ltr'><strong>gratiis</strong></span> <span class='ocrx_word' id='word_1_211' title='bbox 2633 3169 2704 3229; x_wconf 90' lang='lat' dir='ltr'><strong>et</strong></span> 
     </span>
     <span class='ocr_line' id='line_1_28' title="bbox 328 3269 2704 3356; baseline -0.002 -20"><span class='ocrx_word' id='word_1_212' title='bbox 328 3269 654 3338; x_wconf 78' lang='lat' dir='ltr'><strong>fructuosa</strong></span> <span class='ocrx_word' id='word_1_213' title='bbox 698 3271 1065 3354; x_wconf 85' lang='lat' dir='ltr'><strong>diligentia,</strong></span> <span class='ocrx_word' id='word_1_214' title='bbox 1110 3289 1369 3338; x_wconf 88' lang='lat' dir='ltr'><strong>necnon</strong></span> <span class='ocrx_word' id='word_1_215' title='bbox 1413 3270 1752 3337; x_wconf 85' lang='lat' dir='ltr'><strong>laboribus</strong></span> <span class='ocrx_word' id='word_1_216' title='bbox 1799 3270 2174 3356; x_wconf 87' lang='lat' dir='ltr'><strong>indefessis,</strong></span> <span class='ocrx_word' id='word_1_217' title='bbox 2228 3270 2466 3350; x_wconf 86' lang='lat' dir='ltr'><strong>quibus</strong></span> <span class='ocrx_word' id='word_1_218' title='bbox 2512 3285 2704 3349; x_wconf 87' lang='lat' dir='ltr'><strong>prae-</strong></span> 
     </span>
     <span class='ocr_line' id='line_1_29' title="bbox 328 3371 2703 3453; baseline 0 -16"><span class='ocrx_word' id='word_1_219' title='bbox 328 3371 491 3440; x_wconf 88' lang='lat' dir='ltr'><strong>fatus</strong></span> <span class='ocrx_word' id='word_1_220' title='bbox 536 3374 837 3443; x_wconf 89' lang='lat' dir='ltr'><strong>dominus</strong></span> <span class='ocrx_word' id='word_1_221' title='bbox 885 3384 1115 3442; x_wconf 87' lang='lat' dir='ltr'><strong>noster</strong></span> <span class='ocrx_word' id='word_1_222' title='bbox 1160 3378 1247 3442; x_wconf 90' lang='lat' dir='ltr'><strong>ad</strong></span> <span class='ocrx_word' id='word_1_223' title='bbox 1293 3375 1606 3442; x_wconf 89' lang='lat' dir='ltr'><strong>honorem</strong></span> <span class='ocrx_word' id='word_1_224' title='bbox 1654 3382 1726 3442; x_wconf 89' lang='lat' dir='ltr'><strong>et</strong></span> <span class='ocrx_word' id='word_1_225' title='bbox 1765 3375 2130 3442; x_wconf 84' lang='lat' dir='ltr'><strong>utilitatem</strong></span> <span class='ocrx_word' id='word_1_226' title='bbox 2191 3375 2372 3440; x_wconf 87' lang='lat' dir='ltr'><strong>sacri</strong></span> <span class='ocrx_word' id='word_1_227' title='bbox 2431 3372 2703 3453; x_wconf 87' lang='lat' dir='ltr'><strong>Imperii</strong></span> 
     </span>
     <span class='ocr_line' id='line_1_30' title="bbox 330 3477 2705 3563; baseline -0.002 -19"><span class='ocrx_word' id='word_1_228' title='bbox 330 3477 601 3546; x_wconf 84' lang='lat' dir='ltr'><strong>fideliter</strong></span> <span class='ocrx_word' id='word_1_229' title='bbox 644 3488 717 3546; x_wconf 92' lang='lat' dir='ltr'><strong>et</strong></span> <span class='ocrx_word' id='word_1_230' title='bbox 759 3480 1149 3562; x_wconf 83' lang='lat' dir='ltr'><strong>frequenter</strong></span> <span class='ocrx_word' id='word_1_231' title='bbox 1192 3480 1503 3563; x_wconf 81' lang='lat' dir='ltr'><strong>intendit,</strong></span> <span class='ocrx_word' id='word_1_232' title='bbox 1561 3480 1886 3561; x_wconf 87' lang='lat' dir='ltr'><strong>inspectis</strong></span> <span class='ocrx_word' id='word_1_233' title='bbox 1934 3479 2136 3546; x_wconf 88' lang='lat' dir='ltr'><strong>etiam</strong></span> <span class='ocrx_word' id='word_1_234' title='bbox 2183 3477 2586 3544; x_wconf 87' lang='lat' dir='ltr'><strong>notabilibus</strong></span> <span class='ocrx_word' id='word_1_235' title='bbox 2635 3482 2705 3541; x_wconf 91' lang='lat' dir='ltr'><strong>et</strong></span> 
     </span>
     <span class='ocr_line' id='line_1_31' title="bbox 331 3582 2702 3670; baseline 0.001 -25"><span class='ocrx_word' id='word_1_236' title='bbox 331 3583 629 3650; x_wconf 87' lang='lat' dir='ltr'><strong>studiosis</strong></span> <span class='ocrx_word' id='word_1_237' title='bbox 660 3587 1017 3670; x_wconf 85' lang='lat' dir='ltr'><strong>obsequiis,</strong></span> <span class='ocrx_word' id='word_1_238' title='bbox 1052 3605 1220 3667; x_wconf 87' lang='lat' dir='ltr'><strong>quae</strong></span> <span class='ocrx_word' id='word_1_239' title='bbox 1266 3584 1728 3670; x_wconf 85' lang='lat' dir='ltr'><strong>progenitores</strong></span> <span class='ocrx_word' id='word_1_240' title='bbox 1775 3585 1900 3668; x_wconf 91' lang='lat' dir='ltr'><strong>sui,</strong></span> <span class='ocrx_word' id='word_1_241' title='bbox 1943 3587 2268 3665; x_wconf 86' lang='lat' dir='ltr'><strong>quondam</strong></span> <span class='ocrx_word' id='word_1_242' title='bbox 2311 3601 2505 3665; x_wconf 89' lang='lat' dir='ltr'><strong>reges</strong></span> <span class='ocrx_word' id='word_1_243' title='bbox 2538 3582 2702 3648; x_wconf 92' lang='lat' dir='ltr'><strong>Boe-</strong></span> 
     </span>
     <span class='ocr_line' id='line_1_32' title="bbox 331 3686 2701 3772; baseline 0.001 -22"><span class='ocrx_word' id='word_1_244' title='bbox 331 3686 504 3770; x_wconf 86' lang='lat' dir='ltr'><strong>miae,</strong></span> <span class='ocrx_word' id='word_1_245' title='bbox 547 3691 678 3771; x_wconf 85' lang='lat' dir='ltr'><strong>ipsi</strong></span> <span class='ocrx_word' id='word_1_246' title='bbox 730 3708 923 3755; x_wconf 85' lang='lat' dir='ltr'><strong>sacro</strong></span> <span class='ocrx_word' id='word_1_247' title='bbox 966 3689 1253 3772; x_wconf 89' lang='lat' dir='ltr'><strong>Imperio</strong></span> <span class='ocrx_word' id='word_1_248' title='bbox 1299 3695 1695 3758; x_wconf 87' lang='lat' dir='ltr'><strong>reverenter</strong></span> <span class='ocrx_word' id='word_1_249' title='bbox 1741 3696 1812 3756; x_wconf 90' lang='lat' dir='ltr'><strong>et</strong></span> <span class='ocrx_word' id='word_1_250' title='bbox 1855 3689 2117 3756; x_wconf 88' lang='lat' dir='ltr'><strong>utiliter</strong></span> <span class='ocrx_word' id='word_1_251' title='bbox 2161 3687 2430 3769; x_wconf 90' lang='lat' dir='ltr'><strong>saepius</strong></span> <span class='ocrx_word' id='word_1_252' title='bbox 2481 3693 2701 3752; x_wconf 87' lang='lat' dir='ltr'><strong>osten-</strong></span> 
     </span>
     <span class='ocr_line' id='line_1_33' title="bbox 333 3790 2701 3878; baseline 0.001 -24"><span class='ocrx_word' id='word_1_253' title='bbox 333 3790 495 3860; x_wconf 87' lang='lat' dir='ltr'><strong>disse</strong></span> <span class='ocrx_word' id='word_1_254' title='bbox 537 3800 921 3878; x_wconf 89' lang='lat' dir='ltr'><strong>noscuntur,</strong></span> <span class='ocrx_word' id='word_1_255' title='bbox 982 3814 1126 3860; x_wconf 84' lang='lat' dir='ltr'><strong>cum</strong></span> <span class='ocrx_word' id='word_1_256' title='bbox 1188 3796 1563 3878; x_wconf 88' lang='lat' dir='ltr'><strong>praefatum</strong></span> <span class='ocrx_word' id='word_1_257' title='bbox 1625 3812 1899 3876; x_wconf 84' lang='lat' dir='ltr'><strong>regnum</strong></span> <span class='ocrx_word' id='word_1_258' title='bbox 1964 3793 2275 3860; x_wconf 90' lang='lat' dir='ltr'><strong>Boemiae</strong></span> <span class='ocrx_word' id='word_1_259' title='bbox 2336 3790 2701 3872; x_wconf 89' lang='lat' dir='ltr'><strong>imperialis</strong></span> 
     </span>
     <span class='ocr_line' id='line_1_34' title="bbox 334 3895 2700 3982; baseline 0 -23"><span class='ocrx_word' id='word_1_260' title='bbox 334 3911 594 3964; x_wconf 88' lang='lat' dir='ltr'><strong>coronae</strong></span> <span class='ocrx_word' id='word_1_261' title='bbox 639 3899 909 3982; x_wconf 87' lang='lat' dir='ltr'><strong>dignum</strong></span> <span class='ocrx_word' id='word_1_262' title='bbox 955 3900 1217 3981; x_wconf 88' lang='lat' dir='ltr'><strong>quidem</strong></span> <span class='ocrx_word' id='word_1_263' title='bbox 1265 3906 1333 3966; x_wconf 88' lang='lat' dir='ltr'><strong>et</strong></span> <span class='ocrx_word' id='word_1_264' title='bbox 1378 3902 1599 3968; x_wconf 91' lang='lat' dir='ltr'><strong>nobile</strong></span> <span class='ocrx_word' id='word_1_265' title='bbox 1647 3900 2010 3966; x_wconf 90' lang='lat' dir='ltr'><strong>membrum</strong></span> <span class='ocrx_word' id='word_1_266' title='bbox 2062 3898 2334 3980; x_wconf 83' lang='lat' dir='ltr'><strong>existat,</strong></span> <span class='ocrx_word' id='word_1_267' title='bbox 2397 3895 2700 3976; x_wconf 89' lang='lat' dir='ltr'><strong>dampnis</strong></span> 
     </span>
     <span class='ocr_line' id='line_1_35' title="bbox 334 3996 2702 4088; baseline 0.002 -27"><span class='ocrx_word' id='word_1_268' title='bbox 334 3996 699 4088; x_wconf 85' lang='lat' dir='ltr'><strong>huiusmodi,</strong></span> <span class='ocrx_word' id='word_1_269' title='bbox 749 4002 989 4085; x_wconf 87' lang='lat' dir='ltr'><strong>quibus</strong></span> <span class='ocrx_word' id='word_1_270' title='bbox 1052 4004 1423 4087; x_wconf 85' lang='lat' dir='ltr'><strong>praefatum</strong></span> <span class='ocrx_word' id='word_1_271' title='bbox 1469 4024 1743 4088; x_wconf 86' lang='lat' dir='ltr'><strong>regnum</strong></span> <span class='ocrx_word' id='word_1_272' title='bbox 1805 4003 2118 4070; x_wconf 89' lang='lat' dir='ltr'><strong>Boemiae</strong></span> <span class='ocrx_word' id='word_1_273' title='bbox 2181 4021 2262 4068; x_wconf 82' lang='lat' dir='ltr'><strong>ex</strong></span> <span class='ocrx_word' id='word_1_274' title='bbox 2312 3999 2702 4084; x_wconf 90' lang='lat' dir='ltr'><strong>praemissis</strong></span> 
     </span>
     <span class='ocr_line' id='line_1_36' title="bbox 334 4105 2703 4192; baseline -0 -25"><span class='ocrx_word' id='word_1_275' title='bbox 334 4108 661 4174; x_wconf 84' lang='lat' dir='ltr'><strong>eventibus</strong></span> <span class='ocrx_word' id='word_1_276' title='bbox 723 4110 996 4192; x_wconf 80' lang='lat' dir='ltr'><strong>gravari</strong></span> <span class='ocrx_word' id='word_1_277' title='bbox 1061 4108 1339 4192; x_wconf 82' lang='lat' dir='ltr'><strong>valeret,</strong></span> <span class='ocrx_word' id='word_1_278' title='bbox 1408 4111 1868 4177; x_wconf 89' lang='lat' dir='ltr'><strong>desideramus</strong></span> <span class='ocrx_word' id='word_1_279' title='bbox 1927 4125 2280 4174; x_wconf 90' lang='lat' dir='ltr'><strong>occurrere</strong></span> <span class='ocrx_word' id='word_1_280' title='bbox 2340 4105 2703 4186; x_wconf 80' lang='lat' dir='ltr'><strong>sapienter,</strong></span> 
     </span>
     <span class='ocr_line' id='line_1_37' title="bbox 336 4211 2702 4296; baseline 0 -24"><span class='ocrx_word' id='word_1_281' title='bbox 336 4211 694 4280; x_wconf 88' lang='lat' dir='ltr'><strong>nominatim</strong></span> <span class='ocrx_word' id='word_1_282' title='bbox 740 4215 825 4278; x_wconf 92' lang='lat' dir='ltr'><strong>ob</strong></span> <span class='ocrx_word' id='word_1_283' title='bbox 870 4213 1048 4279; x_wconf 86' lang='lat' dir='ltr'><strong>illam</strong></span> <span class='ocrx_word' id='word_1_284' title='bbox 1109 4213 1321 4296; x_wconf 89' lang='lat' dir='ltr'><strong>fidem,</strong></span> <span class='ocrx_word' id='word_1_285' title='bbox 1381 4232 1512 4293; x_wconf 90' lang='lat' dir='ltr'><strong>qua</strong></span> <span class='ocrx_word' id='word_1_286' title='bbox 1572 4212 1762 4280; x_wconf 87' lang='lat' dir='ltr'><strong>velut</strong></span> <span class='ocrx_word' id='word_1_287' title='bbox 1823 4213 2133 4294; x_wconf 89' lang='lat' dir='ltr'><strong>princeps</strong></span> <span class='ocrx_word' id='word_1_288' title='bbox 2195 4213 2448 4276; x_wconf 89' lang='lat' dir='ltr'><strong>elector</strong></span> <span class='ocrx_word' id='word_1_289' title='bbox 2509 4225 2702 4274; x_wconf 88' lang='lat' dir='ltr'><strong>sacro</strong></span> 
     </span>
     <span class='ocr_line' id='line_1_38' title="bbox 338 4315 2704 4401; baseline 0.001 -24"><span class='ocrx_word' id='word_1_290' title='bbox 338 4315 614 4384; x_wconf 81' lang='lat' dir='ltr'><strong>tenemur</strong></span> <span class='ocrx_word' id='word_1_291' title='bbox 677 4318 986 4401; x_wconf 80' lang='lat' dir='ltr'><strong>Imperio,</strong></span> <span class='ocrx_word' id='word_1_292' title='bbox 1044 4336 1127 4384; x_wconf 90' lang='lat' dir='ltr'><strong>ne</strong></span> <span class='ocrx_word' id='word_1_293' title='bbox 1195 4317 1542 4400; x_wconf 85' lang='lat' dir='ltr'><strong>praefatus</strong></span> <span class='ocrx_word' id='word_1_294' title='bbox 1612 4319 1917 4384; x_wconf 89' lang='lat' dir='ltr'><strong>dominus</strong></span> <span class='ocrx_word' id='word_1_295' title='bbox 1986 4321 2218 4382; x_wconf 91' lang='lat' dir='ltr'><strong>noster</strong></span> <span class='ocrx_word' id='word_1_296' title='bbox 2288 4321 2357 4381; x_wconf 90' lang='lat' dir='ltr'><strong>et</strong></span> <span class='ocrx_word' id='word_1_297' title='bbox 2425 4332 2704 4398; x_wconf 86' lang='lat' dir='ltr'><strong>regnum</strong></span> 
     </span>
    </p>
   </div>
   <div class='ocr_carea' id='block_1_3' title="bbox 432 4439 2496 4510">
    <p class='ocr_par' dir='ltr' id='par_1_4' title="bbox 432 4439 2496 4510">
     <span class='ocr_line' id='line_1_39' title="bbox 432 4439 2496 4510; baseline 0 -13"><span class='ocrx_word' id='word_1_298' title='bbox 432 4454 567 4497; x_wconf 66' lang='lat' dir='ltr'><strong>codex</strong></span> <span class='ocrx_word' id='word_1_299' title='bbox 589 4459 669 4510; x_wconf 69' lang='lat' dir='ltr'><strong>jur.</strong></span> <span class='ocrx_word' id='word_1_300' title='bbox 703 4457 808 4499; x_wconf 69' lang='lat' dir='ltr'><strong>boh.</strong></span> <span class='ocrx_word' id='word_1_301' title='bbox 840 4457 891 4498; x_wconf 84' lang='lat'><strong>11.</strong></span> <span class='ocrx_word' id='word_1_302' title='bbox 928 4464 942 4498; x_wconf 82' lang='lat'>1</span> <span class='ocrx_word' id='word_1_303' title='bbox 2427 4439 2496 4492; x_wconf 78' lang='lat'><strong>25</strong></span> 
     </span>
    </p>
   </div>
   <div class='ocr_carea' id='block_1_4' title="bbox 3214 260 3227 1145">
    <p class='ocr_par' dir='ltr' id='par_1_5' title="bbox 3214 260 3227 1145">
     <span class='ocr_line' id='line_1_40' title="bbox 3214 260 3227 1145; baseline 0 0"><span class='ocrx_word' id='word_1_304' title='bbox 3214 260 3227 1145; x_wconf 95' lang='lat' dir='ltr'><strong> </strong></span> 
     </span>
    </p>
   </div>
  </div>
 </body>
</html>
