3288 4973
1403 365 1749 426 -37-

358 569 449 632 de
496 568 697 636 bonis
742 556 1151 652 supradictis
1196 587 1434 651 parere
1469 573 1539 636 et
1571 569 1922 636 intendere
1953 573 2268 652 tanquam
2299 567 2480 634 veris
2513 567 2763 634 nostris

360 672 677 758 dominis,
742 673 1039 756 ipsisque
1106 675 1459 742 serviendo
1514 672 1758 756 juvare
1818 679 2055 742 contra
2121 673 2482 753 quemlibet
2539 671 2764 738 mundi

358 776 741 861 principem
806 779 915 847 vel
980 778 1307 846 hominem
1380 777 1690 862 fideliter,
1765 797 1883 862 pro
1951 777 2114 845 totis
2177 777 2427 844 nostris
2487 776 2762 860 viribuS,
2821 763 2828 770 ’

360 885 743 949 teneamur.
2714 960 2728 974 .

582 987 1066 1054 Promittentes
1110 987 1329 1054 omnia
1375 993 1445 1053 et
1490 987 1756 1072 singula
1800 989 2188 1070 supradicta
2232 989 2405 1054 bona
2437 987 2584 1070 fide,
2616 987 2764 1054 dolo

362 1095 435 1156 et
482 1089 729 1158 ftaude
774 1091 1179 1172 quibuslibet
1226 1091 1533 1176 exclusis,
1578 1092 1860 1158 firmiter
1889 1099 1960 1158 et
1989 1090 2470 1161 inviolabiliter
2500 1108 2764 1158 conser-

362 1214 559 1279 vare,
622 1214 747 1263 nec
794 1200 1029 1262 contra
1090 1213 1171 1261 ea
1230 1195 1339 1264 vel
1401 1214 1628 1266 eorum
1689 1197 1933 1279 aliqua,
1983 1199 2136 1282 jure
2194 1197 2304 1266 vel
2365 1195 2564 1280 fact0,
2627 1195 2761 1263 ullo

360 1319 666 1382 unquam
731 1317 891 1368 casu
952 1299 1062 1370 vel
1128 1305 1425 1384 tempore
1486 1301 1712 1370 facere
1775 1303 1882 1370 vel
1947 1303 2192 1370 venire.
2265 1301 2764 1370 Renunciantes

364 1424 697 1488 expresse
772 1407 841 1472 in
908 1403 1205 1473 omnibus
1280 1407 1385 1474 his
1462 1406 1844 1488 exceptioni
1918 1407 2052 1472 doli
2123 1406 2298 1492 mali,
2373 1407 2442 1472 in
2515 1405 2766 1472 factum

361 1509 647 1593 actioni,
713 1508 1033 1576 beneficio
1092 1510 1547 1576 restitutionis
1608 1511 1678 1576 in
1738 1511 2089 1595 integrum,
2167 1509 2632 1578 constitutioni
2699 1516 2769 1577 et

362 1614 843 1680 consuetudini
909 1613 1316 1696 quibuslibet
1388 1615 1708 1698 omnibuS,
1758 1615 1978 1681 literis
2037 1614 2422 1697 apostolicis
2483 1621 2556 1682 et
2616 1614 2768 1682 aliis

364 1718 881 1800 quibuscunque
930 1719 1121 1785 nobis
1166 1719 1501 1786 concessis
1547 1719 1656 1786 vel
1716 1720 2176 1803 concedendis,
2236 1719 2542 1799 omnique
2593 1719 2768 1802 jnris

364 1827 515 1889 tam
562 1823 867 1890 canonici
910 1841 1107 1906 quam
1152 1823 1371 1890 civilis
1416 1823 1684 1907 auxilio,
1729 1841 1856 1904 quo
1902 1824 2007 1890 vel
2040 1824 2278 1903 quibus
2313 1830 2546 1889 contra
2578 1842 2765 1904 prae-

368 1928 587 1994 missa
650 1929 759 1994 vel
826 1945 1053 1994 eorum
1122 1927 1391 2008 aliquod
1466 1927 1676 2011 nobiS,
1753 1927 2110 1996 heredibus
2160 1933 2229 1992 et
2273 1927 2768 1994 successoribus

366 2032 631 2099 nostris
678 2032 1001 2113 praefatis
1050 2050 1435 2114 quocunque
1480 2037 1782 2114 tempore
1821 2033 1930 2098 vel
1961 2034 2149 2100 modo
2182 2037 2410 2115 posset
2441 2033 2510 2098 in
2543 2031 2764 2112 aliquo

370 2135 767 2220 suffragium
812 2137 1141 2222 generari.
1201 2137 1341 2204 Imo
1390 2141 1458 2202 et
1504 2136 1562 2202 si
1616 2136 1908 2204 fortasse
1969 2136 2173 2222 (quod
2218 2137 2408 2204 Deus
2467 2137 2767 2223 avertat)

370 2259 497 2308 nos
547 2241 697 2325 ipsi,
739 2243 1023 2308 heredes
1068 2245 1141 2308 et
1184 2258 1605 2308 successores
1652 2241 1868 2308 nostri
1912 2242 2242 2324 praedicti
2290 2246 2526 2308 contra
2587 2242 2769 2308 dicta

369 2345 481 2412 vel
551 2365 775 2413 eorum
840 2345 1107 2426 aliquod
1176 2347 1361 2412 modo
1430 2345 1652 2426 aliquo
1719 2345 1839 2412 a'ut
1905 2351 2200 2428 tempore
2270 2339 2769 2428 excesserimus,

373 2452 682 2520 volumus
729 2457 993 2536 extunc,
1040 2457 1241 2534 prout
1287 2470 1545 2519 exnunc
1592 2451 1812 2517 omnia
1858 2456 1927 2518 et
1973 2451 2236 2536 singula
2286 2454 2462 2519 bona
2521 2457 2770 2536 nostra,

374 2576 813 2639 quaecuuque
859 2556 1225 2641 habuimus,
1282 2563 1357 2624 ut
1402 2556 1833 2640 praedicitur,
1886 2556 2030 2639 ipso
2089 2556 2269 2624 facto
2316 2556 2458 2623 fore
2504 2557 2770 2640 perdita

376 2666 451 2729 et
498 2664 583 2728 ad
629 2664 830 2746 ipSOS‚
876 2680 1119 2746 regem,
1163 2662 1447 2729 heredes
1500 2667 1571 2727 et
1629 2679 2051 2729 successores
2111 2681 2280 2746 suos»,
2340 2660 2638 2746 legitime
2700 2669 2770 2728 et

380 2766 878 2835 rationabiliter
920 2768 1253 2837 devoluta.

591 2872 833 2940 Testes
880 2924 893 2939 .
943 2924 958 2938 .
1005 2924 1019 2940 .

596 2978 846 3045 Datum
875 2978 945 3044 iu
976 2977 1243 3063 Ploczk,
1275 2998 1332 3046 a.
1364 2978 1445 3045 D.
1484 2984 1650 3044 1329
1685 2982 1928 3059 quarta
1958 2979 2128 3046 feria
2173 2985 2326 3061 post
2380 2977 2768 3046 dominicam

378 3084 574 3152 Oculi
614 3082 745 3151 mei
790 3100 1065 3165 semper.

557 3204 680 3291 (A.
742 3202 837 3275 Κ.
883 3243 969 3253 -
1025 3202 1213 3273 Balb.
1289 3203 1453 3273 VIII.
1512 3206 1659 3273 240.
1705 3242 1790 3254 -
1837 3203 2104 3269 Alteras
2167 3206 2424 3270 litterae
2489 3170 2770 3292 ejusdcm

380 3312 624 3376 tenoris
672 3308 989 3375 breviores
1044 3310 1191 3377 ddo.
1236 3311 1429 3395 1329,
1475 3312 1579 3377 29.
1626 3310 1824 3377 Mart.
1871 3309 1965 3379 Ib.
2010 3309 2186 3397 239.)

591 3486 700 3555 82.
788 3483 840 3553 J
842 3502 1125 3555 oannes
1198 3484 1355 3553 dux
1433 3482 1726 3555 Slesiae
1789 3486 1867 3555 et
1931 3483 2280 3555 dominus
2350 3483 2766 3573 Stinaviae,

382 3591 671 3659 terram
732 3608 949 3661 suam
992 3588 1044 3661 J
1046 3589 1275 3659 oanni
1318 3588 1491 3676 regi
1536 3590 1944 3678 resignans
1992 3610 2156 3660 eam
2199 3589 2279 3659 in
2323 3589 2630 3661 feudum
2675 3590 2771 3661 ab

387 3695 647 3765 eodem
690 3712 878 3782 rege
928 3693 1229 3782 recipit.

1219 3801 1415 3885 1329,
1461 3803 1569 3871 29.
1617 3798 1941 3887 Aprilis.

592 3932 657 3985 A.
699 3932 837 3987 1329
873 3930 1043 3987 duces
1078 3930 1345 3987 Poloniae
1384 3937 1442 3986 et
1479 3932 1710 4002 Slesiae,
1765 3946 1994 4000 quorum
2048 3946 2336 3986 numerum
2390 3946 2536 3986 nunc
2585 3930 2774 3987 nescio

386 4036 487 4089 pro
520 4017 903 4089 multitudine,
936 4018 1057 4073 fere
1094 4034 1282 4073 omnes
1320 4020 1471 4088 regis
1497 4020 1732 4075 Joannis
1763 4018 2010 4075 servitiis
2049 4035 2109 4074 se
2133 4020 2472 4089 mancipant,
2500 4018 2774 4087 fidemque

388 4111 695 4177 praestant.
734 4106 947 4175 (Chr-on.
986 4106 1159 4159 Aulac
1196 4106 1428 4177 Reqiae.)

596 4194 723 4249 hist
757 4192 903 4248 Jana
940 4192 1200 4248 kniezete
1238 4194 1559 4264 Slezskeho,
1596 4198 1662 4250 ze
1703 4210 1762 4249 se
1798 4194 2003 4263 poddal
2041 4210 2068 4249 s
2105 4194 2282 4263 svymi
2321 4194 2552 4249 zememi
2578 4192 2777 4263 Lubyn

389 4298 425 4336 a
462 4281 645 4337 Gorau
684 4296 745 4335 se
783 4280 925 4335 vssm
951 4280 1073 4351 jich
1106 4282 1440 4350 panovanIm
1476 4281 1623 4338 krali
1664 4282 1699 4337 J
1703 4281 1866 4337 anovi
1903 4282 1925 4336 i
1973 4282 2232 4338 buducim
2285 4282 2499 4339 krssom
2550 4282 2775 4350 ceskym

390 4370 499 4441 pod
532 4366 813 4425 manstvie
850 4368 1003 4423 1329.
1040 4368 1140 4440 (A.
1174 4368 1279 4439 K.)
