3288 4973
1539 412 1929 471 —613—

533 611 862 666 Vratislav.
899 615 1074 667 terra
1112 628 1145 664 a
1183 625 1387 665 corona
1411 626 1521 663 non

640 698 939 753 alienanda

533 783 759 837 Preclai
817 786 985 851 episc.
1025 790 1301 839 attestum
1337 799 1504 850 super

641 871 941 927 donatione
1000 878 1190 935 terrae
1253 888 1352 925 seu
1407 872 1503 924 du-

1541 699 1677 751 1327

642 964 808 1011 catus
843 958 1030 1012 VVrat.
1067 973 1167 1025 per
1205 958 1506 1011 Hemicum

639 1046 738 1099 VI.
775 1045 934 1098 facta
1015 1082 1030 1099 .
1085 1082 1098 1097 .
1153 1082 1168 1097 .
1221 1083 1234 1097 .
1433 1084 1446 1097 .
1499 1049 1679 1098 .·--67

541 1150 876 1205 vratislav.
919 1152 1324 1221 episcopatus

537 1236 660 1289 Rex
713 1238 778 1289 B.
825 1244 1094 1304 patronus
1151 1238 1508 1291 immediatus
1544 1238 1682 1289 —42

535 1322 971 1393 Privilegiorum
999 1323 1345 1378 confirmatio
1373 1326 1527 1390 -42,
1545 1326 1682 1375 —45

536 1411 807 1465 Grotkow
844 1412 1072 1465 feudum
1164 1414 1317 1477 —44‚
1357 1414 1509 1477 —55,
1547 1412 1683 1462 -58

536 1496 708 1551 Nisae
747 1498 1002 1553 civitatis
1043 1498 1316 1567 obligatio
1367 1536 1376 1545 .
1433 1536 1445 1547 .
1502 1535 1515 1547 .
1547 1498 1681 1548 -51

539 1584 879 1639 Marchionis
929 1586 1164 1639 Joannis
1217 1585 1274 1639 in
1318 1600 1508 1654 regem

643 1672 893 1737 receptio
931 1673 1250 1725 eventualis
1295 1710 1308 1721 .
1370 1712 1378 1719 .
1437 1712 1450 1723 .
1509 1674 1688 1723 .—59

537 1756 846 1823 Episcopus
866 1757 1156 1813 renuntiat
1163 1758 1383 1826 juribus
1397 1759 1512 1813 suis

643 1847 702 1899 in
741 1846 951 1899 ducatu
986 1845 1281 1900 Vratislav
1365 1884 1380 1897 .
1435 1885 1448 1897 .
1551 1848 1687 1897 —67

536 1934 768 2001 Tea-ain,
821 1934 1059 1987 ducatus
1087 1971 1517 1987 .......
1548 1936 1687 1985 -39

539 2020 859 2075 Kazimirus
897 2021 1148 2073 vasallus
1225 2057 1518 2073 .....
1549 2022 1685 2071 -27

540 2106 790 2160 Feudum
827 2113 1162 2171 perpetuum
1225 2144 1514 2158 .....
1549 2108 1686 2159 -42

539 2192 867 2246 Installatio
907 2192 1062 2245 ducis
1095 2193 1408 2259 Premyslai
1435 2231 1447 2244 .
1507 2233 1518 2243 .
1549 2195 1686 2245 —66

891 2348 1338 2419 Sulezbach.

542 2472 691 2524 1355.
746 2470 913 2525 Bulla
940 2486 1114 2526 aurea
1141 2472 1208 2524 de
1235 2471 1685 2538 incorporatione

747 2559 1130 2626 munitionum,
1169 2564 1496 2626 castrorum,
1532 2558 1685 2624 oppi-

750 2645 942 2698 dorum
963 2653 1020 2698 et
1048 2653 1328 2698 terrarum
1357 2645 1684 2700 Sulczbach.

613 2762 680 2770 —
750 2731 1186 2785 Enuntiationes
1227 2738 1285 2784 et
1323 2738 1542 2786 attesta
1575 2733 1686 2786 Lu-

751 2819 932 2871 dovici
949 2819 1284 2872 marchionis
1309 2819 1536 2886 Brund„
1562 2821 1686 2874 Ste-

751 2905 925 2970 phani
995 2906 1213 2958 comitis
1289 2911 1346 2958 et
1407 2905 1687 2972 Rudolphi

752 2991 924 3044 ducis,

683 3123 692 3132 .
749 3079 1041 3145 Principes
1138 3079 1436 3142 electores⁴
1507 3079 1687 3132 denuo

750 3166 1107 3220 consentiunt
1133 3165 1570 3232 incorporationi
1596 3182 1686 3218 ca-

749 3260 988 3307 strorum
1027 3259 1086 3306 et
1123 3253 1446 3318 oppidorum
1484 3253 1541 3305 in
1579 3253 1686 3306 Ba-

748 3339 911 3392 varia
955 3340 1374 3406 acquisitarum.

545 3475 1016 3564 'thuringiae
1085 3476 1683 3564 lantgraviatuS.

543 3603 694 3654 1332.
750 3601 988 3654 Pactum
1051 3600 1297 3653 militare
1361 3614 1484 3651 cum
1538 3600 1686 3653 lant-

748 3687 948 3756 gravio
978 3685 1374 3755 Thuringensi.

541 3778 694 3829 -48.
747 3774 892 3830 Unio
930 3774 1378 3842 lantgraviorum
1421 3789 1544 3826 cum
1583 3776 1685 3828 Ca-

751 3862 868 3914 rolo
921 3865 1117 3913 contra
1164 3860 1444 3913 Bavariae
1501 3861 1685 3914 duceS.

748 3975 814 3986 -
853 3948 1112 4000 Litterae
1152 3947 1336 3999 Caroli
1373 3963 1539 4012 super
1579 3948 1685 4000 hac

750 4033 972 4087 unione.

608 4150 676 4160 —
751 4119 892 4174 Unio
914 4127 1222 4185 perpetuae
1244 4121 1532 4174 amicitiae
1562 4137 1686 4173 cum

746 4209 945 4261 carolo
1018 4222 1154 4276 rege
1209 4206 1286 4273 B„
1344 4206 1681 4260 marchione.

749 4293 1054 4360 Mor-aviae,
1095 4308 1390 4358 eorumque
1425 4293 1683 4358 posteris.

1792 614 1939 666 1350.

1796 1602 1947 1654 1323.

1984 1703 2195 1757 ·regem
2262 1690 2343 1757 B„

1998 611 2141 665 Unio
2222 630 2345 667 cum
2408 616 2607 669 Carolo
2662 634 2799 685 rege
2854 618 2923 671 B.

1992 699 2211 753 Joanne
2269 702 2586 755 marchione
2644 712 2703 755 et
2758 704 2929 757 Wen-

1993 787 2195 839 cesla0.

1925 912 1935 925 .
1992 872 2395 927 Promissiones
2445 875 2643 929 Carolo
2690 877 2817 945 regi
2866 883 2928 929 et

1994 959 2031 1012 J
2033 960 2201 1012 oanni
2236 961 2445 1013 march.
2482 960 2691 1015 factae.

1931 1086 1943 1097 .
1997 1045 2215 1099 Foedus
2272 1062 2394 1100 cum
2447 1048 2736 1103 Friderico
2788 1050 2937 1105 lant-

1998 1134 2216 1201 graviO.

1932 1260 1940 1270 .
2000 1220 2323 1274 conventio,

1977 1442 2361 1532 Ungariae
2406 1466 2749 1533 regnum.

2003 1601 2126 1654 Pax
2177 1607 2236 1654 et
2290 1603 2419 1655 unio
2468 1603 2622 1655 inter
2664 1603 2939 1663 Joannem

2418 1690 2675 1745 Carolum
2746 1706 2939 1759 regem

2002 1776 2147 1845 Ung.
2170 1782 2229 1828 et
2250 1778 2419 1830 duces
2444 1778 2729 1831 Austriae.

1936 1904 1947 1915 .
2004 1862 2145 1917 Unio
2206 1864 2356 1917 inter
2420 1865 2693 1919 Joannem
2748 1879 2939 1933 regem

2004 1950 2067 2003 B.
2116 1956 2175 2003 et
2224 1951 2285 2003 P.
2336 1958 2395 2004 et
2447 1951 2705 2004 Carolum
2749 1966 2939 2019 regem

2002 2036 2149 2105 Ung.

1902 2125 1945 2176 ⁹.
2004 2123 2431 2177 Confoederatio
2482 2125 2634 2177 inter
2680 2124 2939 2177 Carolum

2001 2225 2193 2279 regem
2238 2210 2397 2279 Ung.,
2436 2212 2709 2265 Joannem
2745 2226 2937 2279 regem

1999 2298 2063 2351 B.
2104 2303 2273 2362 atque
2313 2298 2569 2351 Carolum
2606 2298 2813 2351 march.

1934 2426 1945 2436 .
2000 2384 2143 2438 Unio
2162 2384 2313 2436 inter
2340 2399 2533 2453 regem
2556 2384 2713 2453 Ung.‚
2740 2400 2933 2453 regem

2000 2471 2278 2538 Boemiae‚
2296 2470 2464 2524 duces
2486 2471 2767 2538 Austriae,
2788 2489 2931 2524 mar-

1999 2558 2251 2611 chionem
2276 2557 2563 2612 Moraviae
2586 2565 2644 2612 et
2662 2559 2700 2612 J
2701 2575 2935 2613 oannem

2003 2645 2261 2698 comitem
2298 2645 2486 2712 Tyrol.

1936 2775 1945 2784 .
2001 2732 2338 2786 Transactio
2376 2734 2663 2798 nuptialis,

2000 2819 2217 2874 Foedus
2256 2820 2440 2874 Caroli
2480 2820 2631 2888 regis
2670 2835 2792 2872 cum
2832 2821 2935 2872 (Ja-

2002 2907 2119 2960 rolo
2156 2907 2364 2960 march.

1937 3033 1946 3044 .
2001 2994 2301 3048 Promissio
2338 2994 2608 3047 Ludovici
2645 2993 2712 3046 de
2752 2995 2935 3058 pactis

2005 3080 2312 3132 servandis,

1938 3208 1946 3219 .
2002 3165 2319 3219 Ludovicus
2360 3181 2461 3219 rex
2498 3167 2791 3219 renuntiat
2820 3167 2938 3234 juri

2002 3269 2100 3306 suo
2139 3253 2196 3305 in
2236 3253 2529 3308 ducatibus
2582 3253 2824 3308 Sviduic.
2876 3260 2939 3306 et

2002 3339 2161 3393 Jaur.

2002 3427 2157 3494 Erga
2215 3426 2647 3480 extraditionem
2699 3426 2937 3480 ducatus

2004 3514 2323 3566 Ploczensis
2350 3521 2409 3565 et
2436 3520 2623 3566 terrae
2646 3514 2936 3568 Mazoviae

2003 3615 2101 3654 rex
2152 3599 2295 3669 Ung.
2346 3600 2565 3653 nomine
2614 3601 2766 3669 regis
2820 3602 2939 3655 Pol.

2004 3688 2221 3740 confert
2306 3686 2510 3753 oppida
2599 3687 2807 3753 Byczin
2880 3697 2939 3740 et

2002 3775 2349 3844 Kreuzberg.

1937 3903 1949 3914 .
2004 3861 2221 3916 Foedus
2282 3861 2552 3915 Ludovici
2608 3861 2758 3929 regis
2816 3877 2938 3916 cum

2005 3949 2233 4016 regibus
2271 3949 2333 4001 B.

1937 4076 1947 4087 .
2002 4035 2319 4090 Ludovicus
2368 4049 2463 4088 rex
2502 4051 2613 4088 una
2650 4051 2771 4089 cum
2811 4052 2936 4090 con-

1995 4121 2133 4190 juge
2180 4137 2281 4174 sua
2319 4121 2647 4176 renuntiant
2689 4122 2937 4176 omnibus

1993 4207 2212 4275 juribus
2271 4207 2385 4260 suis<
2448 4207 2506 4259 in
2563 4209 2730 4260 terris
2786 4224 2939 4262 coro-

2000 4308 2109 4346 nae
2148 4295 2207 4346 B.
