3288 4973
1267 366 1655 426 —261—

280 588 422 663 suae
466 569 658 638 libito
705 573 1090 660 voluntatiS,
1137 576 1233 642 ita
1279 578 1521 654 tamen,
1567 572 1760 652 quod,
1818 569 1961 637 sive
2010 571 2208 636 villae
2256 589 2338 636 ex
2370 569 2651 648 allodiis,

279 680 380 738 aut
423 675 670 742 allodia
717 697 800 744 ex
846 678 1024 745 villis
1077 679 1305 746 factae
1368 694 1486 742 seu
1551 675 1734 741 facta
1794 674 2065 757 fuerint,
2128 675 2509 756 plenissima
2570 694 2651 742 ac

280 780 654 864 omnimoda,
704 787 778 846 ut
824 786 1298 866 praemittitur,
1347 785 1672 864 perpetue
1719 781 2055 862 gaudeant
2100 779 2433 848 libertate.

470 903 760 985 Insuper
806 907 1117 989 episcopo
1165 913 1235 973 et
1267 905 1560 988 capitulo
1591 901 1970 968 memoratis
2005 901 2447 984 promittimus
2480 903 2653 968 bona

277 1007 405 1090 fide,
429 1009 610 1088 quod
635 1027 754 1076 nos
781 1017 850 1076 et
875 1011 1356 1095 primogenitus
1383 1013 1612 1076 noster
1636 1007 1943 1090 Karolus,
1970 1007 2263 1073 marchio
2288 1006 2653 1088 Morauiae,

277 1114 608 1194 nostrique
642 1132 1066 1182 successores
1095 1121 1164 1181 et
1190 1117 1472 1182 heredes
1499 1111 1896 1194 episcopum,
1922 1111 2283 1193 capitulum
2309 1117 2379 1177 et
2404 1111 2651 1178 clerum

281 1215 477 1283 Wrat.
529 1218 855 1286 ecclesiae
904 1219 1266 1302 praefatae.
1314 1217 1520 1284 laicos
1567 1233 1827 1297 quoque
1874 1215 2177 1281 subditos
2224 1233 2651 1296 quoscunque

277 1319 334 1384 in
373 1328 607 1388 nostro
656 1323 940 1389 dominio
998 1325 1402 1390 constitutos
1465 1328 1535 1387 et
1601 1321 1668 1386 in
1734 1321 1924 1386 bonis
1985 1319 2651 1402 possessionibusque

277 1425 644 1503 praedictae
694 1429 903 1494 Wrat.
951 1429 1276 1496 ecclesiae
1319 1432 1783 1492 conmorantes
1822 1424 1999 1491 nullo
2030 1443 2316 1505 unquam
2349 1429 2646 1506 tempore

277 1532 750 1607 quomodolibet
779 1532 1293 1617 aggravabimus
1318 1531 1755 1614 petitionibus
1780 1530 2228 1614 pecuniarum,
2252 1529 2649 1616 animalium,

277 1653 687 1722 annonarum,
729 1638 1148 1720 servitutum,
1180 1642 1620 1720 vecturarum,
1652 1634 2112 1718 solutionibuS,
2143 1633 2368 1716 talliis,
2401 1635 2649 1701 exacti-

278 1739 513 1825 onibuS,
559 1741 881 1824 collectis,
932 1742 1248 1828 angariiS‚
1300 1741 1741 1824 parangariis,
1782 1757 2174 1820 quocunque
2208 1739 2469 1806 nomine
2500 1758 2649 1806 cen-

277 1853 553 1928 seantur,
614 1851 734 1912 aut
795 1847 1226 1914 descensibus
1287 1846 1396 1914 vel
1462 1845 1867 1912 stationibus
1914 1846 1995 1909 ad
2046 1844 2241 1910 villas
2289 1850 2359 1910 et
2404 1844 2649 1911 allodia

273 1949 570 2032 episcopi,
604 1951 884 2036 capituli
915 1957 985 2017 et
1016 1951 1341 2018 ecclesiae
1377 1950 1889 2033 praedictorum,
1922 1951 2040 2014 sed
2073 1951 2253 2030 ipsos
2287 1954 2359 2015 et
2388 1967 2647 2032 posses-

271 2052 478 2121 siones
503 2073 728 2121 eorum
751 2056 821 2121 in
844 2055 1246 2137 plenissimis
1271 2054 1703 2123 libertatibus
1730 2051 2289 2136 conservabimuS‚
2316 2055 2649 2121 tuebimur

270 2175 342 2222 ac
387 2179 504 2241 pro
548 2159 804 2227 viribus
851 2160 1296 2226 defendemus.

469 2282 548 2356 In
592 2309 870 2372 quorum
915 2342 927 2356 .
976 2342 987 2354 .
1037 2343 1052 2358 .

469 2447 714 2513 Datum
763 2452 832 2515 et
878 2453 1100 2515 actum
1149 2449 1380 2532 Wrat.,
1440 2449 1508 2517 in
1556 2449 1741 2516 curia
1805 2455 2057 2533 nostra,
2116 2449 2277 2517 Idus
2339 2449 2650 2535 Augusti,

272 2569 323 2615 a.
370 2551 448 2616 D.
504 2558 687 2619 1345.

465 2706 755 2791 (Stenzel.
803 2747 891 2758 —
937 2706 1158 2795 Chytil
1214 2708 1346 2777 VII.
1393 2708 1570 2797 617.)

471 3008 618 3077 249.
669 3003 1100 3076 Infeudatio
1145 3004 1386 3075 castri
1429 3004 1852 3077 Podebrad.

1027 3181 1222 3266 1345,
1269 3185 1334 3249 1.
1386 3177 1878 3266 Septembris.

469 3352 884 3421 Podebrady.
942 3351 1068 3407 List
1126 3352 1332 3421 Hynka
1383 3371 1414 3407 z
1468 3338 1713 3408 Zlebuov
1768 3351 2023 3423 (Slivna),
2068 3355 2207 3423 ,iimz‘⁴
2258 3357 2525 3424 vyznava,
2578 3363 2643 3410 ze

265 3440 468 3493 zamek
501 3440 824 3509 Podebrady
859 3438 1128 3510 priiimaji
1164 3457 1199 3493 v
1235 3440 1510 3496 manstvie
1549 3440 1618 3495 od
1652 3440 1813 3495 krale
1847 3440 1994 3495 Jana
2031 3440 2283 3495 ceskeho.
2324 3441 2452 3497 Dat.
2493 3445 2643 3497 1345.

469 3594 555 3667 Α.
597 3596 694 3668 Κ.
741 3636 827 3646 -
875 3596 1022 3665 Cod.
1052 3601 1112 3685 j.
1159 3596 1214 3666 b.
1261 3598 1350 3665 II.
1394 3598 1437 3661 3
1475 3621 1545 3681 p.
1590 3598 1694 3665 38.
1738 3634 1825 3647 —-
1869 3596 2085 3661 Emler
2130 3597 2173 3660 I
2180 3597 2240 3665 V.
2284 3598 2501 3683 1602.)

467 3892 612 3960 250.
673 3890 1051 3962 Ludovici
1102 3889 1566 3963 marchionis
1643 3889 2361 3978 Brandeburgensis
2436 3891 2635 3962 ordi-

263 3992 476 4063 natio
523 3996 630 4067 rei
675 3995 1144 4068 monetariae
1189 4016 1327 4083 pro
1375 3994 1903 4066 marchionatu
1940 3994 2637 4084 Brandeburgensi.

780 4173 974 4257 1345,
1020 4174 1084 4238 4.
1135 4167 1625 4255 Septembris.
1674 4168 2107 4259 (Berolini.)

465 4341 687 4427 (Ao-ch.
729 4342 796 4411 S.
851 4344 1084 4431 Wenc.)
