3288 4973
1580 350 1972 409 —236—

576 550 997 633 munitiones,
1042 550 1304 633 oppida,
1350 559 1575 619 castra
1624 570 1744 619 seu
1791 558 2028 633 terraS,
2089 550 2218 617 nisi
2268 549 2688 633 captivitate,
2748 549 2964 615 debito

577 673 817 737 magno
863 672 982 720 seu
1029 655 1288 739 ingenti
1326 662 1726 737 paupertate
1759 664 1876 722 aut
1909 657 2040 721 alia
2073 656 2308 737 quavis
2340 654 2715 721 inevitabili
2747 672 2964 719 neces·
3194 660 3202 740 J,

576 758 785 825 sitate
846 777 967 825 nos
1028 759 1287 841 publice
1336 766 1407 826 et
1452 760 1712 827 notorie
1773 768 2163 842 occupante,
2225 761 2516 825 vendere
2565 765 2630 823 et
2679 758 2966 839 obligare
3191 749 3202 799 ¹

577 864 815 943 quovis
862 864 1071 928 modo.
1116 862 1323 943 sique
1368 864 1435 929 in
1486 883 1643 929 casu
1691 863 2120 929 necessitatis
2166 862 2598 943 inevitabiliS,
2660 867 2738 926 ut
2784 880 2965 943 prae·
3198 883 3200 891 ⁵

579 965 887 1048 mittitur,
918 985 1112 1033 unam
1138 968 1247 1033 vel
1273 966 1496 1047 plures
1520 986 1603 1033 ex
1636 968 1886 1034 nostris
1917 968 2395 1033 munitionibus
2428 986 2544 1033 seu
2577 966 2964 1033 civitatibus

577 1070 729 1137 aliis
776 1069 1075 1153 obligare
1121 1076 1193 1137 et
1236 1072 1547 1138 fortassis
1596 1074 1888 1138 vendere
1935 1071 2138 1157 (quod
2189 1072 2370 1137 Deus
2417 1072 2715 1155 avertat)
2783 1088 2964 1151 prae—

576 1174 797 1241 missis
874 1174 1364 1241 conditionibus
1454 1195 1861 1260 cogeremur,
1951 1176 2162 1257 ipsam
2241 1182 2312 1241 et
2387 1174 2570 1255 ipsas
2663 1174 2965 1256 primitus

578 1278 1025 1345 serenissimis
1072 1280 1350 1346 dominis
1398 1281 1648 1347 nostris
1694 1288 1764 1345 et
1811 1281 2102 1362 ipsorum
2149 1280 2528 1361 heredibuS,
2575 1278 2648 1344 B.
2686 1278 2968 1361 regibus,

582 1382 889 1465 superius
964 1382 1397 1467 expressatis,
1468 1386 1768 1453 venalem
1839 1392 1910 1449 et
1977 1384 2252 1451 venales
2321 1383 2792 1465 exhibebimus,
2852 1402 2967 1464 per

576 1488 775 1569 ips08,
820 1488 881 1553 si
926 1487 1370 1572 decreverint,
1416 1490 1635 1572 pretio
1686 1490 2182 1571 comparandas.
2246 1486 2460 1571 Quam
2517 1488 2628 1553 vel
2683 1505 2852 1570 quas
2911 1487 2964 1552 si

573 1592 747 1658 forte
804 1610 923 1674 per
970 1610 1087 1659 nos
1135 1598 1205 1657 et
1252 1593 1535 1659 heredes
1580 1598 1847 1661 nostros
1895 1592 2218 1675 requisiti,
2267 1611 2307 1656 a
2353 1591 2462 1657 die
2495 1591 2964 1673 requisitionis

576 1695 740 1777 ipsis
808 1698 891 1763 de
960 1702 1149 1763 certa
1224 1697 1509 1763 scientia
1586 1716 1852 1763 suorum
1929 1705 2132 1778 atque
2206 1701 2583 1763 nostrorum
2656 1696 2964 1761 nobilium

574 1800 902 1883 facienda,
958 1807 1111 1883 post
1173 1802 1547 1867 terminum·
1586 1802 1765 1868 XIII
1811 1802 2326 1883 septimanarum
2377 1818 2506 1865 non
2553 1808 2852 1865 emerent
2895 1806 2962 1865 et

576 1922 795 1971 emere
840 1922 973 1971 non
1018 1914 1354 1987 curarent,
1400 1906 1605 1973 liceat
1652 1906 1840 1972 nobis
1873 1924 1952 1971 ac
1981 1904 2342 1971 heredibus
2376 1904 2466 1988 (si
2499 1923 2661 1984 quos
2691 1902 2961 1969 favente

578 2008 856 2075 Domino
902 2008 1327 2095 haberemus)
1374 2010 1793 2092 munitioneS,
1856 2015 2101 2091 castra,
2169 2008 2487 2076 civitates
2555 2026 2674 2075 seu
2742 2014 2962 2073 terras

574 2118 841 2179 nostras
888 2115 1085 2181 alteri
1134 2132 1462 2195 personae
1510 2116 1578 2181 in
1624 2115 1976 2199 dignitate,
2031 2116 2385 2183 nobilitate
2449 2116 2639 2181 nobis
2700 2114 2964 2194 aequali

577 2218 683 2285 vel
729 2218 982 2302 maiori,
1032 2222 1323 2285 vendere
1372 2220 1479 2285 vel
1528 2219 1732 2285 etiam
1788 2221 2100 2302 obligare.
2163 2220 2292 2305 Qui
2337 2226 2564 2285 tamen
2611 2219 2879 2285 easdem
2923 2236 2962 2282 a

577 2322 941 2403 praedictis
988 2323 1269 2390 dominis
1317 2324 1566 2390 nostris
1614 2330 1682 2389 et
1740 2342 1961 2391 eorum
2023 2326 2238 2391 altero
2298 2324 2365 2390 in
2425 2326 2686 2390 feodum
2749 2321 2961 2403 accipi

574 2432 643 2494 et
668 2446 882 2508 neque
911 2426 1091 2511 prius
1117 2428 1331 2510 ipsum
1362 2435 1742 2510 emptorem,
1775 2435 2130 2510 antequam
2162 2428 2344 2512 ipsas
2382 2434 2614 2508 terraS,
2646 2426 2960 2494 civitates

572 2532 683 2600 vel
731 2538 1024 2598 castrum
1070 2551 1151 2601 ac
1190 2534 1472 2600 alterum
1508 2535 1802 2617 ipsorum
1831 2553 1874 2600 a
1901 2533 2270 2616 praedictis
2303 2533 2581 2601 dominis
2615 2531 2862 2598 nostris
2893 2531 2960 2596 in

571 2636 834 2704 feudum
871 2637 1178 2722 accipiet,
1209 2639 1275 2704 iu
1310 2638 1798 2721 possessionem
1831 2639 2204 2705 tenebimur
2235 2639 2504 2706 mittere
2534 2638 2956 2719 corporalem.

779 2742 1245 2809 Praesentium
1278 2795 1291 2809 .
1323 2795 1335 2809 .
1370 2795 1382 2809 .

670 2983 732 3060 D
780 2881 1025 2947 Datum
1072 2883 1554 2966 Monsterberg,
1584 2882 1758 2949 feria
1787 2881 1910 2950 III.
1945 2884 2242 2965 proxima
2272 2887 2431 2949 ante
2462 2881 2634 2948 diem
2667 2881 2732 2947 S.
2764 2880 2961 2962 Galli,

568 3003 627 3052 a.
738 3034 752 3050 .
804 2991 988 3053 1343.

778 3123 1114 3212 (Ludewe‘q
1160 3124 1296 3193 Rel.
1356 3125 1423 3194 V.
1468 3163 1553 3175 —
1599 3125 1706 3190 Ex
1749 3127 2097 3190 annalibus
2143 3124 2572 3191 devolutionis
2617 3125 2791 3191 arch.
2839 3125 2956 3190 civ.

581 3228 845 3298 Vratz'sl.
890 3269 977 3280 ——
1025 3230 1272 3297 Gra-nh.
1309 3230 1393 3298 ΙῙ.
1422 3231 1568 3296 133.
1605 3267 1682 3280 -
1720 3228 1900 3315 Chyt.
1947 3231 2076 3299 VII.
2111 3231 2256 3296 512.
2292 3267 2369 3278 —
2403 3227 2564 3295 Επεὶ.
2600 3229 2710 3297 IV.
2743 3231 2957 3304 1329.)

776 3457 928 3525 227.
972 3454 1421 3526 Monasterii
1464 3454 1924 3525 Henrichow
1953 3437 2332 3542 obligatio
2378 3473 2568 3540 erga
2610 3472 2839 3540 reges
2867 3451 2955 3521 B.

1380 3587 1577 3671 1343,
1623 3588 1731 3654 14.
1779 3583 2155 3655 Octobris.

777 3721 905 3776 List
940 3729 1107 3788 opata
1146 3739 1179 3777 a
1204 3724 1487 3778 konventa
1515 3722 1764 3777 klostera
1787 3723 2170 3791 Heurychova,
2199 3723 2341 3776 kdez
2365 3723 2522 3776 krale
2546 3722 2691 3776 Jana
2719 3720 2958 3774 ceskeho

569 3823 603 3860 a
636 3807 814 3862 Karia
848 3822 987 3875 syna
1016 3808 1149 3877 jeho
1186 3809 1616 3878 prvorozeneho,
1657 3809 1925 3878 prijimaji
1963 3825 1996 3862 a
2032 3811 2070 3862 k
2105 3809 2219 3862 uim
2247 3824 2306 3862 se
2331 3809 2482 3877 znaji
2500 3809 2634 3876 jako
2663 3809 2696 3860 k
2723 3811 2958 3874 panuom

567 3893 873 3960 dedicnym,
910 3901 1071 3962 proto
1096 3899 1162 3949 ze
1187 3895 1593 3966 Mynsterberg,
1620 3895 2036 3951 Frankenstein
2059 3912 2132 3950 na
2157 3899 2226 3949 ue
2253 3911 2321 3962 po
2345 3894 2594 3949 kniezeti
2620 3893 2958 3950 fflkulasovi

565 3980 759 4049 spadlo
796 3983 1023 4049 panstvi

770 4104 908 4171 Nos
953 4104 1172 4172 frater
1215 4108 1558 4174 Johannes
1606 4107 1836 4175 divina
1882 4107 2308 4173 miseratione
2347 4108 2574 4188 abbas.
2606 4105 2958 4172 Johannes

566 4208 766 4290 prior,
812 4209 1157 4277 Johannes
1206 4211 1531 4278 Gosconis
1579 4213 1904 4295 subprior,
1953 4211 2267 4276 Nicolaus
2311 4211 2515 4295 'Cujus
2561 4208 2955 4275 cellerarius

568 4319 639 4384 et
683 4317 1049 4382 conventus
1111 4315 1504 4384 monasterii
1560 4316 2029 4404 Heynrichow,
2091 4322 2319 4381 nostro
2381 4321 2450 4382 et
2495 4330 2954 4382 successorum
