3288 4973
1262 393 1650 453 —117—

469 597 620 662 104.
668 591 1097 664 Inscudatio
1144 593 1385 664 castri
1433 593 1842 681 Crosberg.

1363 717 1557 786 1333.

462 853 591 908 List
644 851 829 908 Lucze
883 870 915 906 z
964 851 1236 920 Hoenloh,
1291 856 1357 906 te
1410 851 1495 906 sie
1548 853 1768 923 podava
1821 869 1856 908 v
1909 853 2186 910 manstvie
2231 854 2377 908 krali
2431 853 2466 908 J
2472 854 2633 908 anovi

280 943 487 1010 jakotto
522 939 671 998 krali
708 939 966 995 &eskemu
1006 955 1041 994 a
1068 939 1203 1009 jeho
1230 939 1503 1010 buducim,
1528 937 1743 996 kralom
1767 941 2004 1010 cestim,
2031 957 2058 994 s
2083 943 2336 996 zamkem
2363 941 2636 1010 Orosperk

288 1043 318 1082 a
343 1029 545 1084 korune
583 1026 751 1082 ceske
784 1027 822 1080 k
858 1026 1126 1081 vecnosti.
1174 1029 1322 1082 1333.
1366 1025 1465 1097 (A.
1510 1027 1611 1096 K.)

473 1229 623 1297 105.
700 1223 981 1312 Caroli,
1056 1226 1379 1296 Joannis
1454 1227 1668 1314 regis
1743 1226 1911 1314 filii,
1989 1229 2070 1300 in
2145 1229 2654 1299 marchionem

288 1331 648 1403 lioraviae
692 1329 1103 1400 institutio.

1044 1452 1383 1522 Exeunte
1430 1472 1626 1522 anno
1674 1455 1867 1524 1333.

470 1592 591 1647 Illis
646 1597 834 1646 autem
888 1590 1229 1660 temporibus
1278 1590 1514 1646 dederat
1563 1591 1722 1646 nobis
1771 1600 1935 1662 pater
1981 1602 2172 1648 noster
2209 1593 2652 1648 marchionatum

289 1680 547 1735 Mon-aviae
585 1685 646 1732 et
683 1678 873 1734 eodem
911 1674 1080 1732 titulo
1116 1675 1442 1734 utebamur.·
1464 1677 1619 1746 (Vita
1658 1679 1880 1744 Caroli.)

472 1801 713 1856 Joannes
750 1816 867 1868 rex,
908 1799 1004 1868 qui
1058 1798 1166 1854 sibi
1226 1814 1425 1855 nomen
1472 1803 1533 1855 et
1582 1799 1820 1856 titulum
1875 1800 2021 1872 regis
2070 1801 2324 1856 obtinere
2377 1801 2556 1856 voluit
2596 1809 2656 1856 et

288 1889 531 1956 appellari
574 1886 870 1956 „antiquus
908 1889 1037 1941 rex“
1078 1886 1277 1957 noluit,
1336 1886 1780 1942 marchionatum
1833 1887 2117 1944 Moraviae
2173 1889 2370 1944 Gai-olo
2434 1888 2530 1958 qui
2594 1895 2656 1944 et

290 1974 645 2044 wenceslaus,
682 1973 1055 2044 primogenito
1094 1988 1193 2029 suo
1232 1981 1291 2029 et
1326 1974 1521 2029 heredi
1559 1975 1721 2044 regni
1757 1974 2032 2044 legitimo,
2069 1990 2212 2030 anno
2256 1975 2468 2030 aetatis
2515 1992 2652 2031 snae

288 2062 479 2117 decimo
516 2062 751 2132 septimo
789 2061 1032 2131 Pragam
1068 2060 1397 2132 revertenti,
1436 2062 1679 2117 contulit
1715 2069 1775 2117 et
1825 2064 2005 2130 ipsum
2062 2062 2500 2131 „marchionem“
2558 2079 2652 2118 no·

290 2149 467 2205 minari
512 2149 827 2219 praecepit3
864 2149 959 2220 qui
1010 2156 1069 2205 et
1114 2148 1378 2218 deinceps
1441 2149 1626 2205 vocari
1681 2150 1956 2217 „marchio
2014 2149 2330 2205 Moraviae“
2383 2149 2648 2219 inc-oepit.

287 2237 410 2304 (Chr.
448 2239 615 2292 Aulae
654 2237 775 2308 Ray.
804 2239 881 2292 ad
918 2239 1091 2306 1333.)

473 2450 618 2517 106.
670 2445 1115 2519 Sublevatio
1162 2447 1439 2518 incolis
1489 2442 1873 2519 territorii
1921 2445 2368 2523 Gladcensis
2401 2446 2650 2534 quoad

292 2552 577 2623 bernam
624 2572 1006 2625 concessa.

1158 2642 1351 2725 1334,
1396 2643 1503 2709 12.
1553 2640 1758 2727 Sept.

476 2782 776 2849 Joannes
820 2800 985 2848 rex.
1018 2832 1033 2847 .
1066 2832 1079 2846 .
1126 2782 1299 2862 quod
1342 2786 1539 2862 grata
1568 2785 2006 2862 promptaque
2038 2781 2386 2847 fidelitatis
2419 2779 2654 2862 officia,

296 2902 445 2965 quae
506 2888 737 2954 fideles
802 2886 1019 2953 nostri
1085 2886 1317 2953 dilecti
1384 2885 1699 2968 universi,
1768 2884 2024 2951 nobiles
2069 2886 2220 2967 vid,
2281 2884 2526 2951 milites
2587 2889 2657 2951 et

298 2990 579 3075 armigeri
625 2989 953 3057 territorii
998 3008 1119 3057 seu
1166 2988 1516 3057 districtus
1564 2988 1932 3072 Glaeensis‚
1980 2989 2168 3055 nobis
2206 2990 2655 3055 exhibuerunt

296 3093 591 3162 hactenus
637 3099 709 3161 et
752 3094 1069 3161 exhibere
1116 3099 1433 3176 poterunt
1465 3100 1535 3160 et
1565 3094 1905 3159 debebunt
1937 3094 2004 3157 in
2034 3092 2348 3175 futurum,
2386 3094 2655 3159 interna

295 3200 523 3266 mentis.
552 3197 1084 3268 consideratione
1128 3202 1494 3280 pensantes
1536 3199 2102 3279 attendentesque
2133 3198 2428 3283 ejusdem
2460 3198 2651 3263 terri-

294 3302 429 3368 torii
480 3306 692 3385 quoad
751 3303 1041 3370 fructum
1101 3302 1566 3386 proferendum
1612 3300 2043 3368 sterilitatem
2111 3321 2240 3369 non
2311 3302 2650 3385 modicam,

298 3408 587 3486 praefatis
632 3407 963 3475 nobilibus
1012 3407 1333 3474 territorii
1384 3406 1756 3490 Glacensis‚
1803 3410 1879 3473 ut
1923 3406 2052 3488 ipsi
2108 3406 2441 3473 continuis
2503 3425 2649 3488 pro-

299 3510 473 3578 ficere
502 3512 771 3581 valeant
801 3511 1233 3579 incrementis
1266 3516 1337 3578 et
1367 3511 1617 3578 nostris
1650 3517 2155 3590 nostrorumque
2181 3528 2654 3587 successorum,

302 3632 502 3699 regum
570 3615 899 3700 Boemiae‚
974 3616 1271 3683 servitiis
1347 3616 1664 3683 insistere
1732 3617 2041 3696 debeant,
2113 3616 2286 3680 hanc
2367 3614 2654 3697 gratiam

304 3718 570 3787 duximus
638 3728 963 3802 perpetuo
1024 3719 1414 3802 faciendam,
1475 3719 1605 3785 vid.
1668 3720 1842 3801 quod
1903 3718 2472 3798 quotienscunque
2536 3736 2655 3784 nos

302 3828 403 3889 aut
442 3825 713 3893 heredes
758 3824 868 3891 vel
912 3841 1337 3890 successores
1383 3828 1668 3907 nostrOS,
1714 3840 1912 3907 reges
1944 3822 2278 3901 Boemiae,
2309 3820 2653 3888 collectam

301 3930 663 4012 generalem,
724 3945 898 4008 quae
966 3928 1175 3993 berna
1242 3926 1415 4009 vulg.
1478 3926 1742 4011 dicitur,
1800 3928 1870 3993 in
1929 3945 2131 4010 regno
2181 3928 2254 3993 B.
2313 3927 2646 4008 imponere

303 4033 629 4117 continget,
674 4033 847 4113 quod
893 4030 1024 4113 ipsi
1069 4030 1321 4097 nobiles
1355 4033 1437 4097 de
1470 4031 1971 4113 quibuscunque
2003 4032 2194 4098 bonis
2226 4050 2470 4113 eorum,
2503 4031 2652 4096 sitis

304 4132 365 4197 in
401 4135 563 4203 dicto
606 4136 923 4203 districtu
967 4134 1298 4217 Glacensi,
1346 4136 1427 4201 de
1475 4135 1773 4215 quolibet
1817 4152 2044 4201 manso
2079 4154 2198 4202 seu
2229 4135 2421 4201 laneo
2454 4152 2653 4200 unum

304 4234 591 4308 fertonem
645 4243 1013 4324 dumtaxat,
1074 4238 1241 4305 XVI
1300 4259 1393 4321 gr.
1458 4240 1633 4322 Prag
1695 4241 2135 4320 computando
2201 4258 2320 4322 pro
2374 4237 2656 4322 fertone,

308 4360 574 4412 camerae
602 4344 827 4429 regiae
851 4345 1013 4410 dare
1039 4346 1110 4409 et
1139 4342 1401 4411 solvere
1435 4347 1812 4419 teneantur,
1847 4348 1916 4407 et
1947 4344 2119 4424 quod
2152 4346 2236 4408 ad
2270 4343 2654 4411 solvendam
