3288 4973
1391 316 1737 379 „51—

347 523 752 606 episcopum
797 529 868 589 et
923 540 1348 589 successores
1410 522 1552 605 ejus
1614 519 1957 601 praefatos
2017 537 2096 584 ac
2158 516 2508 583 ecclesiam
2568 518 2753 581 ante-

347 628 612 695 dictam
687 628 1062 710 confovere,
1129 632 1487 711 protegere
1554 630 1626 690 et
1696 641 2099 691 conservare
2160 619 2623 687 favorabiliter
2681 627 2753 684 et

349 732 850 799 inviolabiliter
895 733 964 797 in
1011 730 1275 799 eisdem.

573 837 652 903 In
699 838 886 921 cujus
929 836 1032 903 rei
1076 835 1530 903 testimonium
1573 838 1969 917 praesentes
2016 831 2253 899 literas
2315 827 2555 895 exinde
2611 828 2757 894 fieri

349 947 437 1007 et
483 940 706 1025 sigillo
751 949 982 1007 nostro
1029 939 1262 1025 majori
1298 940 1618 1022 ,iussimus
1666 936 2069 1005 communiri.

577 1088 822 1155 Datum
872 1089 1178 1155 Brunnae
1225 1106 1284 1157 a.
1329 1089 1408 1153 D.
1461 1092 1644 1165 1323,
1690 1087 1777 1153 ΙΙ.
1827 1086 2051 1152 Nonas
2098 1082 2523 1165 Septembris

577 1235 665 1319 (Ε
719 1236 932 1299 codice
972 1234 1204 1324 privil.
1265 1238 1460 1325 episc.
1523 1232 1807 1301 Olomuc.
1867 1254 2072 1301 emer.
2138 1231 2365 1299 Boeek.
2410 1268 2495 1279 --
2544 1227 2761 1294 Codex

352 1340 536 1408 Mor.
595 1340 692 1409 VI.
739 1341 886 1407 236.
932 1378 1020 1389 —
1063 1340 1281 1406 Emleae·
1325 1339 1454 1409 III.
1497 1340 1681 1422 899.)

577 1552 686 1617 47.
757 1548 1092 1618 Joannes
1151 1568 1292 1617 rex
1351 1548 1651 1633 statuit,
1717 1566 1809 1617 ne
1870 1544 2165 1616 incolae
2211 1545 2531 1614 ducatus
2573 1543 2758 1630 Opa-

357 1653 664 1724 viensis
711 1652 888 1722 duci
931 1652 1245 1723 Nicolao
1290 1653 1599 1722 bernam
1647 1652 1850 1736 dent,
1898 1650 2049 1720 nisi
2098 1648 2282 1719 talis
2314 1669 2357 1717 a
2410 1648 2763 1717 Bohemis

361 1761 450 1828 et
495 1756 836 1827 Mol-avis
881 1756 1323 1844 recipiatur.

1276 1906 1469 1988 1323,
1517 1906 1624 1973 13.
1674 1903 1879 1991 sept.

587 2080 723 2145 Nos
768 2078 1114 2145 Johannes
1161 2078 1240 2143 D.
1296 2098 1391 2161 gr.
1437 2078 1513 2145 B.
1559 2084 1630 2144 et
1678 2052 1769 2145 P.'
1796 2097 1916 2145 rex
1962 2096 2041 2145 ac
2088 2080 2162 2145 L.
2209 2097 2443 2145 comes

583 2199 1144 2283 Recognoscimus
1190 2204 1260 2265 et
1305 2198 1592 2265 fatemur
1638 2205 1873 2267 tenore
1922 2200 2368 2283 praesentium
2415 2198 2763 2281 univer-sie,

369 2326 501 2373 nos
549 2307 630 2371 de
675 2320 884 2388 regno
949 2309 1178 2369 nostro
1225 2304 1536 2371 Boemiae
1585 2310 1655 2370 et
1699 2307 1782 2371 ab
1831 2303 2063 2372 incolis
2110 2306 2317 2386 ipsius
2363 2304 2556 2387 regni
2588 2321 2768 2370 rece-

375 2412 566 2494 pisse
611 2426 838 2475 omnes
885 2410 1148 2491 bernaS,
1211 2425 1379 2489 quas
1429 2408 1619 2473 nobis
1652 2407 1843 2475 iuxta
1874 2410 2413 2477 consuetudinem
2449 2410 2773 2476 hactenus

373 2519 809 2583 observatam
855 2531 974 2595 pro
1021 2513 1451 2579 coronatione
1519 2519 1755 2579 nostra
1809 2522 1879 2580 et
1940 2515 2293 2598 maritagio
2358 2534 2476 2581 seu
2538 2514 2774 2596 copula

373 2620 674 2688 maritali
742 2624 1116 2686 nostrarum
1183 2616 1484 2699 filiarum,
1548 2636 1719 2698 quae
1766 2625 1967 2685 natae
2044 2624 2201 2685 sunt
2274 2637 2485 2700 usque
2562 2621 2775 2702 modo,

376 2727 718 2793 debebant
785 2729 856 2788 et
915 2723 1323 2788 tenebantur
1390 2723 1498 2788 vel
1566 2724 1891 2791 deberent
1958 2730 2076 2790 aut
2135 2729 2529 2790 tenerentur
2590 2726 2768 2790 dare.

373 2831 784 2898 Profitentes
857 2825 1075 2907 etiam,
1143 2843 1266 2890 nos
1325 2825 1428 2892 ius
1490 2828 1576 2892 ad
1639 2827 1925 2908 aliquam
1987 2831 2261 2894 bernam
2322 2827 2769 2909 recipiendam

371 2933 658 3002 ulterius
703 2935 1060 3012 propterea
1106 2947 1236 2995 non
1282 2931 1548 3013 habere,
1595 2949 1677 2998 ac
1726 2931 2208 3016 promittentes,
2257 2935 2431 3014 quod
2478 2951 2519 2998 a
2566 2932 2767 2998 dictis

379 3037 616 3106 incolis
667 3043 738 3103 et
784 3038 866 3102 de
913 3053 1120 3118 regno
1183 3035 1526 3114 praedicto
1590 3036 1937 3102 occasione
1998 3035 2193 3104 huius
2256 3036 2363 3104 vel
2424 3037 2558 3102 alia
2618 3055 2774 3116 qua-

381 3160 658 3222 cumque
705 3159 907 3206 causa
953 3156 1304 3219 numquam
1361 3138 1638 3205 inantea
1698 3140 1988 3220 aliquam
2050 3139 2445 3223 recipiemus
2500 3145 2771 3208 bernam

382 3265 506 3314 nec
550 3243 914 3329 pecuniam,
975 3243 1105 3310 nisi
1153 3249 1410 3310 tantum
1457 3245 1516 3310 si
1561 3245 1751 3310 nobis
1799 3246 2059 3325 aliquae
2108 3246 2285 3312 filiae
2330 3251 2485 3327 post
2549 3249 2775 3312 datam

390 3351 838 3434 praesentium
887 3348 1282 3430 disponente
1329 3348 1557 3416 diuina
1602 3351 1827 3432 gratia
1872 3355 2331 3435 nascerentur,
2366 3357 2436 3416 et
2466 3354 2627 3416 tunc
2662 3369 2776 3432 pro

387 3455 537 3538 iuis,
601 3453 922 3520 videlicet
997 3471 1115 3534 pro
1192 3453 1488 3533 qualibet
1549 3472 1793 3536 earum,
1862 3455 2015 3520 dum
2082 3457 2168 3520 ad
2235 3473 2445 3520 annos
2514 3455 2773 3520 nubiles

389 3559 775 3641 pervenerit
820 3565 892 3623 et
937 3555 1191 3623 tradita
1236 3555 1440 3622 fuerit
1483 3560 1761 3639 copulae
1812 3558 2118 3642 maritali,
2164 3563 2317 3640 post
2374 3559 2499 3624 hoc
2559 3559 2778 3625 imme-

389 3665 570 3730 diate
617 3664 846 3744 elapso
901 3679 1029 3727 uno
1083 3649 1264 3727 ⁸anno
1327 3661 1587 3728 incolae
1648 3665 1979 3745 praedicti
2040 3663 2338 3730 universi
2400 3668 2469 3729 et
2530 3662 2776 3746 singuli

389 3766 800 3849 praedictam
857 3768 1132 3832 bernam
1203 3783 1322 3848 per
1397 3785 1592 3833 unum
1667 3767 2015 3850 fertonem,
2094 3767 2412 3835 videlicet
2487 3769 2776 3834 sedecim

389 3891 661 3956 grossos
705 3865 1036 3951 denario&
1082 3873 1243 3937 dare
1291 3873 1374 3938 de
1421 3871 1611 3938 laneo
1662 3872 1957 3953 quolibet
2010 3876 2436 3940 tenebuntur.

596 3975 962 4057 Cupientes
1008 3977 1230 4059 etiam,
1275 3980 1351 4042 ut
1381 3981 1566 4042 terra
1609 3982 1840 4043 nostra
1872 3995 1988 4044 seu
2022 3979 2301 4044 ducatus
2336 3975 2781 4058 Oppauiensis

389 4089 463 4146 et
507 4081 718 4163 ipsius
765 4079 1022 4148 incolae
1068 4083 1298 4147 eadem
1343 4080 1574 4165 gracia
1629 4086 1699 4147 et
1757 4081 2029 4163 iuribuS‚
2086 4081 2325 4160 quibus
2370 4081 2656 4145 barones
2712 4085 2783 4146 et

393 4186 648 4252 nobiles
681 4185 892 4251 nostri
925 4184 1233 4250 Boemiae
1267 4194 1337 4251 et
1371 4184 1713 4252 Moraviae
1738 4189 2033 4266 utuntur,
2076 4184 2209 4249 frui
2232 4182 2504 4252 valeant
2530 4188 2598 4248 et
2626 4201 2782 4266 gau-

398 4291 576 4372 dere,
623 4287 750 4370 ipsi
788 4293 1062 4354 nostrae
1095 4295 1316 4356 terrae
1350 4308 1468 4356 seu
1505 4289 1781 4355 ducatui
1813 4287 2218 4370 Oppauiensi
2251 4306 2331 4354 ac
2363 4287 2504 4355 eius
2552 4285 2788 4354 incolis

2518 4408 2584 4462 4*
