3288 4973
1401 288 1875 374 -607-·

399 500 552 551 135⁸.
607 498 888 563 Antiquae
963 497 1194 549 litterae
1271 491 1546 548 Friderici

609 586 745 648 Imp.
795 598 962 647 super
1001 589 1188 635 castro
1228 582 1385 635 Floss
1424 578 1547 643 ado,

605 670 867 723 Basileae
926 671 1076 736 1212τ
1131 672 1215 722 26.
1255 669 1408 732 Sept.
1445 668 1547 717 Ca-

609 758 725 809 rolo
780 757 1101 811 traduntur.
1155 787 1220 793 —
1259 756 1548 807 Attes'tum

614 844 1028 909 terrigenarum
1083 840 1434 910 Egrensium.
1483 866 1552 874 —-

616 930 896 995 Rudolphi
948 930 1104 983 ducis
1153 926 1446 981 saxoniae.
1483 952 1551 961 —-·

618 1016 974 1070 Confirmatio
1049 1015 1177 1080 imp.
1229 1014 1548 1066 litterarum

618 1103 890 1156 'Friderici
917 1102 990 1155 ΙΙ.
1020 1133 1086 1139 -—-
1111 1100 1335 1165 Emptio
1363 1096 1552 1163 oppidi

614 1191 849 1243 Bernow
889 1190 958 1241 ad
1000 1189 1173 1241 Floss.

405 1280 559 1329 ——60.
618 1276 970 1329 Permutatio
1005 1281 1313 1327 castrorum
1341 1272 1399 1323 in
1425 1272 1551 1323 Ale-

619 1361 847 1415 mannia
881 1378 980 1427 pro
1013 1361 1218 1414 castris
1249 1357 1554 1412 Parkstein

617 1457 674 1502 et.
690 1448 1010 1503 Karlswald
1033 1454 1092 1500 et
1111 1446 1312 1513 oppido
1334 1444 1553 1511 Weyda

619 1535 912 1603 (Weiden)

405 1626 562 1677 -61,
621 1624 912 1675 Attestum
995 1621 1299 1671 electorum
1385 1630 1552 1681 super

617 1708 820 1761 castris
843 1706 904 1759 Ρ.
929 1711 986 1759 et
1005 1706 1074 1758 K.
1092 1720 1212 1757 cum
1237 1704 1437 1769 oppido
1461 1702 1551 1755 W.

407 1799 560 1849 -73.
617 1795 808 1848 Castri
843 1794 999 1847 Floss
1039 1800 1145 1845 etc.
1179 1806 1276 1856 pro
1303 1789 1552 1842 marchia

616 1882 823 1935 Brand.
863 1882 1016 1933 (lata.

407 1972 563 2021 -74.
621 1968 808 2021 Castri
871 1968 1028 2019 Floss
1092 1972 1199 2019 etc.
1262 1964 1553 2017 exsolutio.

605 2156 972 2228 Franciae
1016 2174 1360 2243 regnum.

413 2300 567 2353 1346.
627 2298 848 2351 Foedus
929 2295 1214 2347 amicitiae.
1283 2294 1557 2347 Johannis

619 2382 722 2437 filii
773 2382 926 2449 regis
979 2382 1254 2435 Franciae
1296 2397 1417 2434 cum
1457 2384 1557 2432 Ga-

627 2471 760 2524 rolO.

412 2563 566 2611 —47.
622 2557 764 2609 Unio
817 2556 1064 2624 ejusdcm
1112 2557 1385 2610 ,Iohannis
1437 2571 1561 2608 cum

625 2644 839 2696 carolo.

413 2735 566 2784 -55.
629 2730 936 2782 Conventio
952 2730 987 2783 J
991 2729 1185 2782 oannis
1209 2730 1359 2797 regis
1388 2729 1561 2780 Fran-

621 2832 806 2868 corum
865 2831 986 2867 cum
1035 2817 1230 2868 t'arolo
1269 2822 1559 2867 renovata.

421 2907 573 2956 -5ὅ.
630 2903 877 2956 ‚Joanncs
915 2902 1255 2956 Francorum
1294 2917 1390 2954 rex
1428 2901 1564 2954 obli-

624 2997 728 3056 gat
767 3005 824 3040 se
867 2990 1064 3040 (farolo
1104 2989 1240 3052 Imp.
1281 2997 1339 3039 et
1376 2988 1518 3056 regi.

489 3107 552 3112 -
664 3076 896 3126 l'arolus
945 3073 1082 3142 jnu.,
1129 3075 1362 3128 Joannis
1410 3074 1564 3142 regis

633 3162 972 3213 Francorum
1021 3160 1441 3228 primogenitae,
1479 3175 1564 3212 re-

629 3255 802 3299 novat
858 3247 1114 3299 'unionem
1171 3263 1293 3299 cum
1351 3245 1564 3299 CarolO.

491 3366 558 3374 —
631 3334 898 3386 Debitum
924 3333 1109 3386 Caroli
1135 3333 1566 3386 locumtenentis

631 3420 780 3488 regis
798 3420 1150 3472 Francorum.

618 3608 1090 3679 Gorlicensis
1139 3615 1369 3678 terra.

423 3753 576 3802 1319.
637 3749 968 3801 Enuntiatio

636 3836 875 3888 Sleziae.

425 3925 579 3976 —29.
638 3921 906 3974 Venditio
953 3931 1143 3974 terrae
1196 3928 1255 3975 et
1294 3923 1568 3977 civitatis,

633 4039 700 4046 ——
735 4009 960 4061 Relatio
1011 4010 1166 4062 (lucis
1217 4009 1462 4063 Henrici.
1501 4040 1569 4048 -

635 4093 901 4148 Civitatis
939 4098 1004 4149 G.
1042 4097 1435 4161 incorporatio.

567 4224 578 4237 .
637 4181 911 4235 Hem-icus
957 4183 1066 4235 dux
1105 4199 1202 4248 pro
1241 4183 1444 4236 Gorlic.
1485 4199 1568 4236 re·

637 4267 776 4332 cipit
816 4269 1047 4337 Glogov.

1079 3749 1302 3801 Henrici
1413 3751 1566 3803 «lucis

1658 488 1809 542 1339.
1865 485 2091 539 Incolae

1866 569 2168 624 alienandi.

1656 664 1810 713 -48,
1874 657 2160 712 Marchiae
2201 651 2477 707 Budissin.
2512 656 2571 702 et
2596 648 2784 703 Gorlic

1863 742 2259 809 incorporat-io,

1656 836 1810 887 —5o.
1868 830 2219 887 Marchiones
2276 822 2661 889 Brandeburg.
2718 836 2802 873 re-

1866 920 2135 975 nuntiant
2208 914 2354 969 omni
2410 912 2525 981 juri
2587 926 2685 963 suo
2745 910 2804 961 in

1870 1008 2038 1061 terris
2075 1002 2357 1058 Budissin.
2394 1006 2453 1053 et
2488 997 2693 1052 Gorlic.

2184 498 2216 532 a
2303 494 2475 547 regno
2556 478 2618 529 B.
2692 490 2801 527 uon

2018 1174 2448 1264 Imperium.

1664 1324 1813 1376 1314.
1854 1316 2196 1384 Explanatio
2215 1314 2424 1382 jurium
2451 1312 2601 1365 inter
2626 1310 2807 1364 Ludo-

1870 1407 2054 1460 vicum
2127 1404 2192 1456 R.
2268 1407 2326 1453 et
2398 1400 2671 1453 Joannem
2729 1398 2805 1462 B.

1870 1508 2078 1560 regem.
2116 1520 2182 1528 --
2222 1490 2304 1542 Cf.
2345 1492 2493 1541 1335.
2548 1556 2553 1563 .

1660 1586 1813 1637 -20,
1866 1578 2183 1634 Ludovicus
2275 1576 2339 1629 R.
2414 1592 2455 1627 r.
2532 1572 2809 1639 approbat

1870 1666 2175 1719 cessionem
2224 1662 2509 1715 marchiae
2558 1660 2807 1714 Budissi-

1870 1752 2075 1807 nensis.
2114 1781 2181 1788 --
2221 1750 2301 1802 (Ὺ.
2345 1752 2493 1801 1339.

1871 1839 2274 1891 Promissiones
2332 1836 2454 1903 regi
2509 1834 2715 1889 Joanni
2770 1849 2805 1885 a

1870 1926 2152 1979 Ludovico
2192 1925 2256 1977 R.
2295 1938 2430 1991 rege
2468 1928 2595 1987 post
2632 1920 2809 1973 victo-

1876 2014 2014 2066 riam
2098 2010 2530 2063 Muldorfensem
2598 2008 2809 2060 factae.

1664 2105 1817 2155 —31.
1873 2101 1956 2152 De
2014 2098 2217 2151 castris
2268 2102 2328 2149 et
2382 2095 2711 2149 civitatibus
2750 2096 2809 2147 in

1875 2186 2113 2251 Imperio
2166 2200 2198 2236 a
2246 2185 2461 2237 Joanne
2514 2196 2648 2251 rege
2701 2197 2811 2233 non

1878 2272 2248 2337 acquirendis.

1671 2366 1821 2415 *32
1880 2361 2115 2413 Pactum
2223 2356 2551 2409 concordiae
2659 2356 2811 2407 inter

1876 2446 2217 2500 Ludovicum
2280 2442 2342 2497 R.
2406 2444 2449 2496 1.
2505 2448 2564 2495 et
2621 2456 2811 2511 regem

1876 2535 2165 2588 Joannem.

1669 2625 1822 2676 —35.
1878 2622 2139 2690 Treugae
2202 2619 2356 2684 pacis
2422 2618 2569 2670 iuter
2630 2616 2810 2670 Ludo-

1879 2710 2062 2760 vicum
2084 2708 2147 2759 R.
2169 2707 2213 2760 I.
2233 2713 2291 2758 et
2310 2707 2583 2759 Joannem
2604 2719 2810 2772 regem.

1815 2839 1824 2849 .
1882 2796 2098 2848 Foedus
2137 2793 2421 2846 amicitiae
2459 2793 2608 2845 inter
2635 2791 2815 2844 Ludo-

1882 2883 2065 2934 vicum
2088 2881 2149 2932 R.
2170 2881 2215 2934 1.
2239 2889 2297 2931 et
2315 2881 2347 2933 J
2354 2895 2587 2932 oannem
2608 2895 2817 2948 regem.

1779 3005 1826 3022 ..
1884 2968 2083 3021 Pactio
2128 2967 2277 3019 inter
2316 2967 2571 3019 Far-olum
2612 2967 2819 3018 march.

1884 3065 1941 3106 et
1967 3053 2308 3106 Lu‹lovi‹·1nn
2344 3053 2408 3105 R.
2436 3055 2478 3104 l.
2505 3053 2571 3104 ‹le
2603 3054 2819 3120 treugis

1884 3139 2192 3194 servandis.

1887 3226 2205 3290 Principum
2248 3227 2549 3279 electorum
2587 3227 2819 3279 litterae

1886 3315 1952 3366 de
2004 3312 2202 3364 incolis
2254 3314 2315 3364 B.
2369 3315 2439 3365 ad
2470 3314 2685 3380 judicia
2728 3327 2821 3365 ex·-

1885 3409 2085 3454 tranea
2172 3415 2281 3452 non
2362 3400 2677 3464 evocandiS,
2754 3399 2820 3452 de

1886 3489 2111 3541 mineris
2152 3493 2205 3538 et
2249 3492 2490 3540 moneta.

1745 3608 1811 3616 —
1888 3574 2335 3628 constitut-iones
2376 3573 2575 3626 Bullae
2616 3589 2821 3626 aureae

1887 3677 2078 3730 regem
2150 3661 2408 3714 Boemiae
2471 3667 2536 3712 ut.
2597 3661 2823 3725 Imperii

1888 3749 2368 3814 archipiucernam
2406 3763 2471 3800 ac
2507 3749 2825 3815 electorem,

1886 3852 2101 3888 necnon
2166 3835 2297 3901 jura
2360 3833 2521 3900 regni
2582 3833 2643 3885 B.
2699 3839 2825 3886 tan·

1890 3930 2107 3990 gentes,

1891 4009 2183 4074 l'rincipes
2226 4008 2498 4059 electores
2537 4011 2827 4058 testantur

1892 4095 2233 4164 dignitatem
2304 4094 2827 4158 archipincernatus

1892 4188 1951 4233 et
2008 4189 2197 4233 votum
2251 4181 2555 4234 electorale
2614 4195 2827 4245 compe-

1892 4277 2014 4320 tere.
2054 4267 2285 4334 regibus
2323 4269 2386 4318 Β.

1675 3233 1828 3281 -56.
