3288 4973
1372 422 1758 480 —277—

364 627 581 689 tutum
628 627 1011 690 sanctarum
1059 621 1365 690 conferat
1413 623 1723 702 vigorem.
1772 625 1996 690 Amen.
2045 622 2387 690 Ambitum
2437 623 2628 706 regni
2659 623 2762 690 sui

359 727 421 792 in
475 727 709 792 diebus
754 727 894 793 eius
929 747 1061 808 pax
1095 728 1465 794 circumdet
1496 728 1796 810 honesta,
1830 733 1899 796 et
1931 746 2319 808 quocunque
2353 745 2426 794 se
2459 728 2765 809 verterit,

360 832 895 898 adversariorum
923 851 1108 898 mens
1134 839 1497 899 enervetur
1526 831 1792 916 infesta,
1826 832 2168 912 omnisque
2200 832 2268 898 in
2300 833 2492 898 nobis
2525 832 2758 914 religio

361 936 709 1001 habundet
754 939 1071 1002 modesta.
1122 937 1349 1004 Amen.
1400 937 1587 1020 Quod
1635 937 1777 1018 ipse
1829 955 2068 1019 parare
2110 937 2440 1020 dignetur.
2490 936 2754 1001 Amen.“

570 1039 727 1106 Alia
782 1039 1161 1105 benedictio
1209 1059 1412 1121 super
1456 1059 1713 1123 regem:
1767 1041 2240 1122 „Omnipotens
2287 1041 2486 1123 Beue,
2535 1039 2647 1120 qui
2693 1046 2762 1104 te

358 1144 587 1226 populi
632 1182 717 1190 —
766 1144 1096 1228 dignetur,
1141 1145 1327 1211 cuius
1376 1164 1651 1228 regnum
1699 1153 1766 1211 et
1816 1145 2156 1227 imperium
2215 1146 2360 1211 sine
2419 1143 2550 1210 fine
2610 1161 2758 1225 per-

352 1255 586 1314 manet
632 1249 698 1313 in
734 1249 1001 1315 saecula
1034 1249 1504 1315 saeculorum.“

571 1353 739 1418 Item
789 1355 1149 1420 notandum
1198 1360 1320 1436 est,
1368 1356 1541 1434 quod
1588 1354 1722 1436 ille,
1770 1355 1881 1435 qui
1928 1355 2113 1420 dedit
2154 1354 2302 1438 regi
2333 1351 2755 1436 evangelium

354 1459 435 1524 ad
510 1459 965 1536 osculandum,
1028 1460 1227 1524 debet
1288 1465 1441 1539 post
1502 1459 1643 1526 Pax
1706 1458 1969 1528 Domini
2027 1458 2332 1540 accipere
2397 1475 2622 1537 pacem
2671 1460 2754 1524 ab

353 1561 861 1644 archiepiscopo
920 1562 1189 1628 missam
1253 1563 1641 1628 celebrante
1705 1569 1770 1627 et
1835 1563 2098 1628 deferre
2157 1562 2296 1642 regi
2358 1565 2428 1626 et
2481 1560 2752 1645 reginae

350 1683 497 1731 cum
550 1665 737 1748 libro,
782 1671 856 1732 et
900 1672 1053 1748 post
1098 1685 1241 1733 eum
1292 1686 1517 1734 omnes
1563 1666 2054 1750 archiepiscopi
2109 1672 2179 1732 et
2239 1665 2534 1747 episcopi
2580 1667 2745 1730 dant

352 1772 649 1837 osculum
686 1771 900 1852 -pacis
962 1771 1107 1854 regi
1172 1791 1339 1838 unus
1402 1777 1555 1852 post
1616 1773 1816 1838 alium
1877 1772 1946 1837 in
2008 1791 2126 1837 suo
2189 1770 2351 1838 solio
2411 1769 2756 1836 residenti.

565 1875 733 1942 Item
792 1881 967 1959 nota,
1031 1878 1201 1956 quod
1264 1880 1417 1956 post
1476 1877 1883 1943 ablutionem
1945 1876 2054 1943 vel
2112 1875 2287 1942 infra
2347 1875 2750 1941 ablutionem

350 1987 697 2063 peractam
742 1997 863 2062 per
894 1979 1465 2061 archiepiscopum
1499 1980 1607 2047 vel
1638 1987 1790 2062 post
1830 1981 2116 2062 missam,
2149 1981 2206 2046 si
2238 1981 2478 2062 placet,
2511 1978 2748 2045 iterum

348 2089 705 2168 magnates
750 2085 857 2151 vel
903 2088 1189 2151 barones
1232 2087 1576 2151 adducunt
1606 2103 1831 2168 regem
1864 2103 2082 2150 coram
2116 2081 2318 2148 altari
2350 2088 2419 2147 et
2452 2082 2544 2148 ibi
2578 2101 2750 2148 com-

352 2191 653 2256 municat
699 2203 964 2271 corpus*
1000 2195 1069 2256 et
1128 2191 1510 2272 sangninem
1574 2189 1838 2255 Domini
1895 2191 1976 2256 de
2022 2207 2217 2255 manu
2265 2187 2749 2270 archiepiscopi

348 2294 622 2361 missam
670 2295 1089 2360 celebrantis.

564 2399 883 2480 Sequitur
929 2399 1325 2464 communio:
1402 2399 1750 2480 „Intellige
1799 2400 2146 2464 clamorem
2194 2417 2424 2482 meum,
2470 2395 2746 2463 intende

348 2506 502 2571 voci
549 2505 873 2571 orationis
922 2523 1125 2584 meae,
1172 2522 1295 2571 rex
1339 2522 1521 2571 meus
1569 2511 1637 2569 et
1685 2506 1866 2587 dene,
1931 2504 2237 2585 quoniam
2276 2506 2360 2570 ad
2407 2509 2476 2569 te
2525 2504 2745 2585 orab0‚

350 2610 689 2676 Domine.“
729 2610 1267 2691 Completorium:
1316 2610 1540 2689 „Haec
1574 2627 1692 2674 nos
1727 2608 2093 2674 communio
2127 2608 2403 2673 Domine
2435 2614 2674 2689 purget
2706 2626 2746 2673 a

352 2714 627 2780 crimine
705 2720 777 2779 et
844 2714 1153 2779 famulum
1229 2719 1414 2778 tuum
1483 2714 1580 2795 N.,
1650 2731 1872 2796 regem
1944 2718 2262 2797 nostrum,
2314 2714 2418 2793 ab,
2447 2713 2742 2779 omnibus

350 2824 627 2885 tueatur
658 2818 981 2901 adversis,
1015 2823 1342 2898 quatenus
1376 2824 1447 2883 et
1479 2817 1983 2885 ecclesiasticae
2016 2812 2202 2899 pacis
2235 2816 2538 2883 obtineat
2568 2821 2749 2882 tran-

357 2922 756 3003 quillitatem
825 2926 891 2988 et
964 2927 1113 3004 post
1180 2922 1377 2988 istius
1445 2922 1765 3003 temporis
1834 2926 2182 2989 decursum
2249 2924 2337 2987 ad
2405 2926 2748 2987 aeternam

354 3027 711 3109 perveniat
755 3027 1218 3093 hereditatem.
1266 3026 1398 3093 Per
1443 3025 1773 3093 dominum
1808 3079 1820 3092 .
1855 3079 1866 3092 .
1900 3029 1951 3093 .“

558 3163 863 3253 (Loaerth
944 3163 1089 3231 Joh.
1173 3166 1302 3230 Dio
1384 3164 2029 3252 Krnnunqeordnunq
2111 3165 2225 3229 der
2305 3164 2552 3251 Koniqe
2627 3186 2747 3228 von

355 3270 654 3335 Bahman.
700 3265 893 3337 Aron.
923 3268 988 3354 f.
1038 3277 1091 3336 ὅ.
1137 3268 1361 3337 Gecch.
1404 3269 1570 3336 LIV.
1599 3308 1688 3321 —-
1730 3268 1949 3335 Vareia
1979 3268 2259 3333 boemica
2291 3268 2540 3333 caeculi
2565 3266 2751 3331 XIV:

358 3358 507 3440 Reid
546 3374 953 3439 homnovdni
993 3370 1175 3438 kra'le
1222 3374 1496 3443 &osli-,dha
1553 3374 1704 3459 Vffl’·
1749 3396 1782 3436 z
1829 3372 1928 3443 lit.
1972 3374 2155 3438 &ecke'
2185 3374 2238 3441 1.
2267 3372 2628 3440 575—610.
2663 3409 2742 3421 -

356 3476 549 3544 Hicce
570 3478 747 3543 Ordo
768 3479 1173 3562 conscriptus
1192 3488 1289 3543 ost
1310 3478 1698 3563 adformam
1723 3478 1994 3543 Ordinis
2015 3478 2084 3541 in
2104 3477 2509 3541 coronatione
2527 3498 2746 3561 reywm

358 3580 677 3647 anciac
724 3582 1005 3669 usitati.)
