3288 4973
1518 357 1904 420 -306—

515 564 658 635 Vid.
702 573 764 630 ot
824 561 894 631 C.
941 565 1000 648 j.
1062 560 1119 629 b.
1180 559 1232 630 1.
1290 583 1351 629 n.
1412 563 1497 626 70
1553 561 1809 648 (Paccio
1867 564 2039 626 inter
2103 558 2517 646 Rudolphum
2577 579 2784 646 regem
2847 569 2914 622 ct

510 671 778 736 Boemoa
824 691 886 738 α.
933 669 1107 734 1278
1152 665 1381 754 facta)
1443 689 1680 730 necnon
1739 669 1930 752 hujus
1993 669 2151 732 tomi
2207 689 2267 734 η.
2327 668 2431 732 70.
2497 663 2914 753 (Aequiaitt’o

509 775 799 840 civitatis
854 769 1464 858 Wratislavicnsis.)

721 955 776 1016 3.
823 955 894 1016 et
937 948 1239 1030 quamvis
1284 949 1579 1016 marchia
1626 946 2126 1016 Budissinensis
2171 952 2241 1014 et
2273 944 2703 1024 Gorlicensis,
2735 962 2920 1024 quae

513 1073 660 1122 cum
692 1055 982 1122 caeteris
1013 1054 1423 1136 civitatibuS,
1455 1052 1716 1136 oppidis
1749 1058 1819 1120 et
1849 1051 2278 1136 pertinentiis
2309 1052 2449 1118 suis
2497 1051 2583 1116 ad
2630 1066 2922 1130 regumn

511 1166 582 1226 et
628 1178 937 1227 coronam
982 1159 1057 1224 Β.
1101 1161 1187 1226 ab
1242 1159 1515 1239 antiquo
1569 1157 1914 1241 pertinuit,
1968 1177 2088 1240 per
2144 1157 2474 1224 illustrem
2533 1153 2922 1221 otakarum

511 1263 838 1345 quondam
883 1281 1109 1347 regem
1160 1263 1241 1345 Β.,
1290 1280 1603 1346 proavum
1665 1267 1982 1344 nostrum,
2041 1263 2110 1328 in
2158 1277 2480 1343 personas
2539 1256 2918 1324 illustrium

516 1370 837 1448 quondam
886 1367 1628 1450 Brandenburgensium
1696 1367 2151 1434 marchionum
2213 1383 2296 1432 ex
2349 1363 2553 1432 certis
2615 1367 2686 1428 et
2748 1359 2927 1426 rati-

518 1471 893 1538 onabilibus
936 1470 1157 1539 causis
1191 1472 1487 1538 alienata
1516 1470 1738 1555 fuerit,
1771 1473 2126 1553 aliquando
2157 1475 2384 1538 tamen
2415 1465 2930 1534 marchionibus

518 1575 883 1658 praedictis
926 1578 1181 1657 absque
1228 1593 1425 1641 sexus
1472 1575 1822 1642 masculini
1869 1575 2229 1642 heredibus
2295 1569 2781 1640 decedentibus
2837 1571 2932 1636 ab

519 1681 645 1746 hac
691 1681 851 1764 vita,
897 1678 1173 1762 nobiles,
1230 1680 1494 1762 milites,
1553 1680 1854 1762 clientes,
1916 1681 2098 1746 cives
2161 1685 2233 1746 et
2291 1674 2590 1744 universi
2649 1673 2935 1740 incolae

519 1784 859 1851 marchiae
922 1784 1421 1850 Budissinensis
1483 1789 1554 1850 et
1618 1783 2028 1850 Gorlicensis
2090 1781 2435 1865 praefatae
2491 1779 2936 1846 animadver-

522 1889 708 1956 sione
784 1888 1012 1956 debita
1086 1893 1581 1971 cognoscentes,
1643 1888 1934 1969 qualiter
1990 1890 2075 1955 ad
2135 1905 2407 1969 regnum
2469 1890 2539 1950 et
2601 1901 2938 1949 coronam

522 1995 597 2061 Β.
643 1998 956 2074 tanquam
1000 1994 1086 2058 ad
1134 1992 1585 2060 immediatum
1632 1998 1703 2058 et
1748 1991 2058 2059 naturale
2103 1990 2457 2058 dominium
2489 1990 2730 2055 dudum
2765 2005 2939 2071 per·

522 2097 885 2180 tinuerant,
973 2098 1060 2162 ad
1150 2097 1629 2180 subjectionem
1714 2101 1785 2162 et
1859 2095 2306 2162 obedientiam
2381 2093 2544 2160 dicti
2625 2091 2940 2158 illustris

522 2201 569 2268 J
572 2200 870 2285 ohanniS,
916 2202 1242 2281 quondam
1288 2201 1362 2265 Β.
1409 2201 1587 2283 regis
1634 2199 1961 2284 genitoris
2006 2200 2240 2282 nostri,
2271 2203 2586 2279 tauquam
2619 2197 2708 2264 ad
2740 2196 2940 2262 ordi-

523 2307 799 2390 narium,
828 2304 1189 2388 legitimum
1236 2311 1306 2370 et
1354 2305 1726 2371 naturalem
1772 2305 2102 2371 dominum
2147 2322 2338 2371 suum
2377 2307 2447 2370 et
2476 2303 2564 2368 ad
2601 2318 2941 2367 coronam

522 2411 712 2495 regni
756 2410 849 2495 B.‚
895 2413 977 2477 de
1024 2411 1212 2494 cujus
1260 2411 1510 2495 gremio
1559 2411 1802 2476 dudum
1856 2409 2320 2493 constiterant,
2383 2410 2461 2473 ut
2515 2404 2944 2491 praefertur,

525 2515 1012 2583 deliberatione
1058 2534 1191 2583 non
1237 2514 1607 2597 improvida
1652 2514 2034 2583 redierunt:

735 2670 1055 2759 (Litterae
1112 2668 1390 2735 «Ioannis
1448 2674 1619 2758 reqis
1683 2672 1826 2741 ddo.
1880 2670 2136 2757 Praqac
2199 2672 2393 2758 1319,
2461 2670 2563 2735 31.
2619 2665 2794 2752 Auq.
2847 2702 2935 2721 —-·

544 2776 680 2842 Via.
727 2798 786 2845 n.
834 2776 937 2846 35.
984 2770 1044 2840 'et
1074 2775 1265 2863 hujus
1314 2772 1465 2845 Cod.
1513 2776 1563 2841 Ι.
1613 2798 1676 2843 n.
1719 2775 1851 2864 41.)

735 2966 873 3033 Nos
922 2966 1129 3049 igitur
1160 2964 1564 3033 indefessam
1596 2965 2068 3033 sollicitudinis
2101 2984 2366 3048 operam
2399 2971 2471 3031 et
2503 2964 2946 3047 diligentiam

528 3070 943 3154 exquisitam,
1011 3090 1207 3152 quam
1268 3070 1638 3153 saepedicti
1700 3088 2006 3153 proavuS,
2067 3076 2264 3152 pater
2323 3076 2393 3135 et
2455 3068 2942 3152 progenitores

529 3175 746 3243 nostri
791 3173 1137 3257 carissimi,
1186 3176 1511 3256 quondam
1574 3176 1646 3243 B.
1695 3193 1910 3259 regeS,
1971 3177 2056 3241 ad
2118 3173 2544 3241 obtinendum
2603 3174 2947 3257 subjecti·

532 3298 738 3364 onem,
770 3279 1205 3362 vasallagium
1239 3284 1308 3347 et
1341 3280 1786 3347 obedientiam
1818 3280 2176 3347 illustrium
2207 3278 2468 3345 Sleziae
2498 3286 2570 3345 et
2604 3277 2949 3346 Poloniae

530 3387 789 3467 ducum,
834 3383 1202 3465 principum
1249 3390 1318 3451 et
1348 3383 1637 3452 fidelium
1663 3390 2057 3469 nostrorum,
2088 3384 2506 3467 principatus
2538 3388 2608 3450 et
2637 3383 2948 3450 ducatus

532 3486 1117 3555 Wratislaviensis
1164 3493 1233 3555 et
1282 3488 1559 3572 Sleziae,
1607 3496 1678 3554 et
1723 3490 1928 3555 etiam
1989 3489 2535 3556 Budissinensem
2596 3490 2665 3552 et
2711 3486 2950 3555 Grorli·

533 3610 799 3659 oensem
842 3592 1219 3676 marchiam,
1268 3597 1345 3659 ut
1392 3592 1789 3677 praefertur,
1834 3613 1966 3659 non
2011 3596 2263 3674 absque
2307 3592 2564 3675 magnis
2602 3591 2952 3674 impensis

532 3701 603 3763 et
632 3695 913 3765 infinitis
945 3696 1283 3763 laboribus
1317 3698 1716 3781 habuerunt,
1748 3699 1816 3764 in
1848 3705 2118 3764 nostrae
2151 3698 2393 3764 mentis
2425 3697 2573 3763 acie
2603 3696 2946 3764 continuo

532 3800 977 3885 revolventeS,
1016 3806 1091 3867 ut
1122 3800 1397 3868 virtutis
1430 3802 1720 3883 ipsorum
1751 3802 2133 3883 frequentia
2164 3808 2234 3868 et
2265 3801 2642 3868 sollicitudo
2673 3800 2952 3870 laboris

535 3905 888 3987 praeteriti
946 3908 1067 3971 sub
1122 3905 1302 3973 felici
1362 3912 1594 3973 nostro
1655 3906 1977 3990 regimine
2044 3907 2392 3973 solidetur:
2459 3907 2540 3971 de
2585 3906 2952 3974 Romanae

533 4009 761 4092 regiae
825 4010 1184 4092 potestatis
1248 4011 1664 4093 plenitudine
1733 4011 2108 4096 statuimuS‚
2169 4012 2343 4093 quod
2405 4027 2631 4077 omnes
2693 4028 2948 4093 supra-

535 4113 758 4181 dictae
816 4114 1197 4181 sententiae
1245 4121 1317 4181 et
1362 4116 1702 4183 clausulae
1760 4116 2199 4198 imperialium
2249 4120 2317 4183 et
2364 4110 2685 4199 regalium
2749 4114 2952 4183 litte-

536 4235 777 4301 rarum,
823 4237 991 4301 quas
1038 4221 1123 4285 ad
1170 4220 1628 4303 probationem
1677 4221 2007 4287 dictarum
2039 4220 2478 4287 intentionum
2515 4218 2952 4305 adduximus„

538 4340 802 4403 semper
857 4326 929 4389 et
970 4323 1214 4404 ubique
1260 4324 1330 4391 in
1368 4323 1619 4409 judicio
1679 4330 1748 4391 et
1806 4330 2002 4391 extra
2062 4330 2134 4391 et
2197 4325 2266 4391 in
2327 4321 2608 4407 singulis
2665 4326 2952 4393 actibus
