<?xml version="1.0" encoding="UTF-8"?>
<!DOCTYPE html PUBLIC "-//W3C//DTD XHTML 1.0 Transitional//EN"
    "http://www.w3.org/TR/xhtml1/DTD/xhtml1-transitional.dtd">
<html xmlns="http://www.w3.org/1999/xhtml" xml:lang="en" lang="en">
 <head>
  <title>
</title>
<meta http-equiv="Content-Type" content="text/html;charset=utf-8" />
  <meta name='ocr-system' content='tesseract 3.04.00' />
  <meta name='ocr-capabilities' content='ocr_page ocr_carea ocr_par ocr_line ocrx_word'/>
</head>
<body>
  <div class='ocr_page' id='page_1' title='image "./codexjurisbohem00bohegoog_0122.png"; bbox 0 0 3288 4973; ppageno 0'>
   <div class='ocr_carea' id='block_1_1' title="bbox 1523 371 1917 433">
    <p class='ocr_par' dir='ltr' id='par_1_1' title="bbox 1523 371 1917 433">
     <span class='ocr_line' id='line_1_1' title="bbox 1523 371 1917 433; baseline -0.003 0"><span class='ocrx_word' id='word_1_1' title='bbox 1523 371 1917 433; x_wconf 76' lang='lat'>—108—</span> 
     </span>
    </p>
   </div>
   <div class='ocr_carea' id='block_1_2' title="bbox 511 572 2919 2850">
    <p class='ocr_par' dir='ltr' id='par_1_2' title="bbox 515 572 2917 1806">
     <span class='ocr_line' id='line_1_2' title="bbox 519 572 2917 659; baseline -0.002 -13"><span class='ocrx_word' id='word_1_2' title='bbox 519 577 670 646; x_wconf 90' lang='lat' dir='ltr'><strong>ficio</strong></span> <span class='ocrx_word' id='word_1_3' title='bbox 704 575 1155 644; x_wconf 77' lang='lat' dir='ltr'><strong>restitutionis</strong></span> <span class='ocrx_word' id='word_1_4' title='bbox 1186 574 1254 641; x_wconf 92' lang='lat' dir='ltr'><strong>in</strong></span> <span class='ocrx_word' id='word_1_5' title='bbox 1286 572 1634 659; x_wconf 82' lang='lat' dir='ltr'><strong>integrum,</strong></span> <span class='ocrx_word' id='word_1_6' title='bbox 1666 576 1883 642; x_wconf 90' lang='lat' dir='ltr'><strong>literis</strong></span> <span class='ocrx_word' id='word_1_7' title='bbox 1908 596 2165 658; x_wconf 89' lang='lat' dir='ltr'><strong>quoque</strong></span> <span class='ocrx_word' id='word_1_8' title='bbox 2188 597 2230 643; x_wconf 87' lang='lat' dir='ltr'><strong>a</strong></span> <span class='ocrx_word' id='word_1_9' title='bbox 2255 595 2445 658; x_wconf 89' lang='lat' dir='ltr'><strong>papa,</strong></span> <span class='ocrx_word' id='word_1_10' title='bbox 2471 577 2917 643; x_wconf 86' lang='lat' dir='ltr'><strong>Romanorum</strong></span> 
     </span>
     <span class='ocr_line' id='line_1_3' title="bbox 519 679 2915 764; baseline -0.001 -16"><span class='ocrx_word' id='word_1_11' title='bbox 519 680 1032 764; x_wconf 83' lang='lat' dir='ltr'><strong>imperatoribus</strong></span> <span class='ocrx_word' id='word_1_12' title='bbox 1078 683 1148 747; x_wconf 91' lang='lat' dir='ltr'><strong>et</strong></span> <span class='ocrx_word' id='word_1_13' title='bbox 1193 680 1595 760; x_wconf 81' lang='lat' dir='ltr'><strong>imperatore</strong></span> <span class='ocrx_word' id='word_1_14' title='bbox 1642 679 1787 744; x_wconf 89' lang='lat' dir='ltr'><strong>sive</strong></span> <span class='ocrx_word' id='word_1_15' title='bbox 1831 681 2100 762; x_wconf 85' lang='lat' dir='ltr'><strong>regibus</strong></span> <span class='ocrx_word' id='word_1_16' title='bbox 2150 687 2219 748; x_wconf 90' lang='lat' dir='ltr'><strong>et</strong></span> <span class='ocrx_word' id='word_1_17' title='bbox 2257 697 2417 762; x_wconf 86' lang='lat' dir='ltr'><strong>rege</strong></span> <span class='ocrx_word' id='word_1_18' title='bbox 2469 679 2915 761; x_wconf 81' lang='lat' dir='ltr'><strong>impetrandis</strong></span> 
     </span>
     <span class='ocr_line' id='line_1_4' title="bbox 519 783 2913 867; baseline -0.002 -13"><span class='ocrx_word' id='word_1_19' title='bbox 519 807 599 854; x_wconf 86' lang='lat' dir='ltr'><strong>ac</strong></span> <span class='ocrx_word' id='word_1_20' title='bbox 676 786 879 852; x_wconf 89' lang='lat' dir='ltr'><strong>etiam</strong></span> <span class='ocrx_word' id='word_1_21' title='bbox 955 783 1350 867; x_wconf 56' lang='lat' dir='ltr'><strong>impetratis</strong></span> <span class='ocrx_word' id='word_1_22' title='bbox 1425 783 1730 863; x_wconf 88' lang='lat' dir='ltr'><strong>omnique</strong></span> <span class='ocrx_word' id='word_1_23' title='bbox 1797 783 1969 866; x_wconf 88' lang='lat' dir='ltr'><strong>juris</strong></span> <span class='ocrx_word' id='word_1_24' title='bbox 2048 785 2292 851; x_wconf 86' lang='lat' dir='ltr'><strong>auxilio</strong></span> <span class='ocrx_word' id='word_1_25' title='bbox 2373 790 2510 850; x_wconf 88' lang='lat' dir='ltr'><strong>tam</strong></span> <span class='ocrx_word' id='word_1_26' title='bbox 2586 785 2913 867; x_wconf 87' lang='lat' dir='ltr'><strong>canonici,</strong></span> 
     </span>
     <span class='ocr_line' id='line_1_5' title="bbox 519 887 2915 973; baseline -0.001 -15"><span class='ocrx_word' id='word_1_27' title='bbox 519 909 714 973; x_wconf 88' lang='lat' dir='ltr'><strong>quam</strong></span> <span class='ocrx_word' id='word_1_28' title='bbox 761 889 998 972; x_wconf 88' lang='lat' dir='ltr'><strong>civilis,</strong></span> <span class='ocrx_word' id='word_1_29' title='bbox 1042 888 1280 969; x_wconf 86' lang='lat' dir='ltr'><strong>quibus</strong></span> <span class='ocrx_word' id='word_1_30' title='bbox 1327 887 1671 970; x_wconf 81' lang='lat' dir='ltr'><strong>praesenti</strong></span> <span class='ocrx_word' id='word_1_31' title='bbox 1716 893 1987 956; x_wconf 85' lang='lat' dir='ltr'><strong>nostrae</strong></span> <span class='ocrx_word' id='word_1_32' title='bbox 2032 887 2421 971; x_wconf 83' lang='lat' dir='ltr'><strong>venditioni,</strong></span> <span class='ocrx_word' id='word_1_33' title='bbox 2476 888 2765 955; x_wconf 84' lang='lat' dir='ltr'><strong>cessioni</strong></span> <span class='ocrx_word' id='word_1_34' title='bbox 2832 909 2915 956; x_wconf 86' lang='lat' dir='ltr'><strong>ac</strong></span> 
     </span>
     <span class='ocr_line' id='line_1_6' title="bbox 518 992 2917 1078; baseline -0.001 -17"><span class='ocrx_word' id='word_1_35' title='bbox 518 994 957 1078; x_wconf 84' lang='lat' dir='ltr'><strong>resignationi</strong></span> <span class='ocrx_word' id='word_1_36' title='bbox 1001 999 1415 1074; x_wconf 84' lang='lat' dir='ltr'><strong>spontaneae</strong></span> <span class='ocrx_word' id='word_1_37' title='bbox 1460 992 1649 1057; x_wconf 92' lang='lat' dir='ltr'><strong>modo</strong></span> <span class='ocrx_word' id='word_1_38' title='bbox 1698 997 1927 1072; x_wconf 89' lang='lat' dir='ltr'><strong>posset</strong></span> <span class='ocrx_word' id='word_1_39' title='bbox 1962 992 2181 1073; x_wconf 86' lang='lat' dir='ltr'><strong>aliquo</strong></span> <span class='ocrx_word' id='word_1_40' title='bbox 2214 993 2522 1074; x_wconf 82' lang='lat' dir='ltr'><strong>derogari</strong></span> <span class='ocrx_word' id='word_1_41' title='bbox 2552 1000 2671 1058; x_wconf 90' lang='lat' dir='ltr'><strong>aut</strong></span> <span class='ocrx_word' id='word_1_42' title='bbox 2702 993 2917 1060; x_wconf 85' lang='lat' dir='ltr'><strong>etiam</strong></span> 
     </span>
     <span class='ocr_line' id='line_1_7' title="bbox 519 1095 2914 1181; baseline -0.002 -14"><span class='ocrx_word' id='word_1_43' title='bbox 519 1100 808 1181; x_wconf 85' lang='lat' dir='ltr'><strong>obviari;</strong></span> <span class='ocrx_word' id='word_1_44' title='bbox 855 1102 924 1164; x_wconf 89' lang='lat' dir='ltr'><strong>et</strong></span> <span class='ocrx_word' id='word_1_45' title='bbox 970 1095 1440 1179; x_wconf 88' lang='lat' dir='ltr'><strong>promittentes</strong></span> <span class='ocrx_word' id='word_1_46' title='bbox 1485 1098 1660 1162; x_wconf 91' lang='lat' dir='ltr'><strong>bona</strong></span> <span class='ocrx_word' id='word_1_47' title='bbox 1704 1097 1854 1177; x_wconf 84' lang='lat' dir='ltr'><strong>fide,</strong></span> <span class='ocrx_word' id='word_1_48' title='bbox 1899 1103 2127 1164; x_wconf 89' lang='lat' dir='ltr'><strong>nostro</strong></span> <span class='ocrx_word' id='word_1_49' title='bbox 2176 1105 2245 1161; x_wconf 89' lang='lat' dir='ltr'><strong>et</strong></span> <span class='ocrx_word' id='word_1_50' title='bbox 2288 1097 2605 1164; x_wconf 88' lang='lat' dir='ltr'><strong>heredum</strong></span> <span class='ocrx_word' id='word_1_51' title='bbox 2646 1101 2914 1163; x_wconf 89' lang='lat' dir='ltr'><strong>nostro-</strong></span> 
     </span>
     <span class='ocr_line' id='line_1_8' title="bbox 516 1201 2917 1284; baseline -0.002 -12"><span class='ocrx_word' id='word_1_52' title='bbox 516 1225 658 1272; x_wconf 88' lang='lat' dir='ltr'><strong>rum</strong></span> <span class='ocrx_word' id='word_1_53' title='bbox 733 1201 1017 1284; x_wconf 88' lang='lat' dir='ltr'><strong>nomine,</strong></span> <span class='ocrx_word' id='word_1_54' title='bbox 1104 1201 1518 1283; x_wconf 84' lang='lat' dir='ltr'><strong>praedictum</strong></span> <span class='ocrx_word' id='word_1_55' title='bbox 1611 1205 2026 1268; x_wconf 85' lang='lat' dir='ltr'><strong>contractum</strong></span> <span class='ocrx_word' id='word_1_56' title='bbox 2102 1209 2404 1268; x_wconf 89' lang='lat' dir='ltr'><strong>nostrum</strong></span> <span class='ocrx_word' id='word_1_57' title='bbox 2479 1209 2917 1283; x_wconf 86' lang='lat' dir='ltr'><strong>praesentem</strong></span> 
     </span>
     <span class='ocr_line' id='line_1_9' title="bbox 519 1303 2917 1388; baseline -0.002 -12"><span class='ocrx_word' id='word_1_58' title='bbox 519 1304 925 1376; x_wconf 88' lang='lat' dir='ltr'><strong>venditionis</strong></span> <span class='ocrx_word' id='word_1_59' title='bbox 971 1324 1079 1388; x_wconf 66' lang='lat' dir='ltr'><strong>sc„</strong></span> <span class='ocrx_word' id='word_1_60' title='bbox 1124 1303 1446 1371; x_wconf 87' lang='lat' dir='ltr'><strong>cessionis</strong></span> <span class='ocrx_word' id='word_1_61' title='bbox 1490 1323 1568 1370; x_wconf 88' lang='lat' dir='ltr'><strong>ac</strong></span> <span class='ocrx_word' id='word_1_62' title='bbox 1615 1303 2089 1387; x_wconf 85' lang='lat' dir='ltr'><strong>resignationis</strong></span> <span class='ocrx_word' id='word_1_63' title='bbox 2149 1311 2422 1372; x_wconf 89' lang='lat' dir='ltr'><strong>nostrae</strong></span> <span class='ocrx_word' id='word_1_64' title='bbox 2484 1307 2917 1373; x_wconf 85' lang='lat' dir='ltr'><strong>voluntariae</strong></span> 
     </span>
     <span class='ocr_line' id='line_1_10' title="bbox 517 1408 2915 1494; baseline -0.001 -14"><span class='ocrx_word' id='word_1_65' title='bbox 517 1413 804 1480; x_wconf 89' lang='lat' dir='ltr'><strong>omnium</strong></span> <span class='ocrx_word' id='word_1_66' title='bbox 850 1411 1159 1493; x_wconf 89' lang='lat' dir='ltr'><strong>superius</strong></span> <span class='ocrx_word' id='word_1_67' title='bbox 1206 1427 1673 1490; x_wconf 86' lang='lat' dir='ltr'><strong>expressorum</strong></span> <span class='ocrx_word' id='word_1_68' title='bbox 1715 1408 2197 1476; x_wconf 86' lang='lat' dir='ltr'><strong>inviolabiliter</strong></span> <span class='ocrx_word' id='word_1_69' title='bbox 2242 1411 2583 1494; x_wconf 88' lang='lat' dir='ltr'><strong>perpetuis</strong></span> <span class='ocrx_word' id='word_1_70' title='bbox 2628 1409 2915 1477; x_wconf 86' lang='lat' dir='ltr'><strong>inantea</strong></span> 
     </span>
     <span class='ocr_line' id='line_1_11' title="bbox 515 1513 2915 1599; baseline -0.002 -14"><span class='ocrx_word' id='word_1_71' title='bbox 515 1517 927 1599; x_wconf 88' lang='lat' dir='ltr'><strong>temporibus</strong></span> <span class='ocrx_word' id='word_1_72' title='bbox 971 1515 1334 1583; x_wconf 87' lang='lat' dir='ltr'><strong>observare</strong></span> <span class='ocrx_word' id='word_1_73' title='bbox 1382 1519 1451 1581; x_wconf 91' lang='lat' dir='ltr'><strong>et</strong></span> <span class='ocrx_word' id='word_1_74' title='bbox 1504 1520 1739 1582; x_wconf 82' lang='lat' dir='ltr'><strong>contra</strong></span> <span class='ocrx_word' id='word_1_75' title='bbox 1792 1515 2161 1596; x_wconf 85' lang='lat' dir='ltr'><strong>praemissa</strong></span> <span class='ocrx_word' id='word_1_76' title='bbox 2220 1513 2330 1580; x_wconf 86' lang='lat' dir='ltr'><strong>vel</strong></span> <span class='ocrx_word' id='word_1_77' title='bbox 2393 1515 2915 1595; x_wconf 88' lang='lat' dir='ltr'><strong>praemissorum</strong></span> 
     </span>
     <span class='ocr_line' id='line_1_12' title="bbox 515 1617 2912 1704; baseline -0.001 -15"><span class='ocrx_word' id='word_1_78' title='bbox 515 1621 785 1703; x_wconf 86' lang='lat' dir='ltr'><strong>aliquid,</strong></span> <span class='ocrx_word' id='word_1_79' title='bbox 832 1622 914 1686; x_wconf 91' lang='lat' dir='ltr'><strong>de</strong></span> <span class='ocrx_word' id='word_1_80' title='bbox 950 1619 1102 1704; x_wconf 87' lang='lat' dir='ltr'><strong>jure</strong></span> <span class='ocrx_word' id='word_1_81' title='bbox 1147 1618 1292 1686; x_wconf 81' lang='lat' dir='ltr'><strong>sive</strong></span> <span class='ocrx_word' id='word_1_82' title='bbox 1339 1619 1422 1685; x_wconf 91' lang='lat' dir='ltr'><strong>de</strong></span> <span class='ocrx_word' id='word_1_83' title='bbox 1467 1618 1668 1702; x_wconf 81' lang='lat' dir='ltr'><strong>facte,</strong></span> <span class='ocrx_word' id='word_1_84' title='bbox 1716 1636 1835 1700; x_wconf 90' lang='lat' dir='ltr'><strong>per</strong></span> <span class='ocrx_word' id='word_1_85' title='bbox 1878 1637 2003 1685; x_wconf 91' lang='lat' dir='ltr'><strong>nos</strong></span> <span class='ocrx_word' id='word_1_86' title='bbox 2048 1619 2248 1700; x_wconf 86' lang='lat' dir='ltr'><strong>ipSOS,</strong></span> <span class='ocrx_word' id='word_1_87' title='bbox 2294 1617 2496 1684; x_wconf 89' lang='lat' dir='ltr'><strong>alium</strong></span> <span class='ocrx_word' id='word_1_88' title='bbox 2558 1619 2669 1686; x_wconf 88' lang='lat' dir='ltr'><strong>vel</strong></span> <span class='ocrx_word' id='word_1_89' title='bbox 2714 1619 2912 1702; x_wconf 78' lang='lat' dir='ltr'><strong>aliOS,</strong></span> 
     </span>
     <span class='ocr_line' id='line_1_13' title="bbox 518 1719 2913 1806; baseline -0.001 -13"><span class='ocrx_word' id='word_1_90' title='bbox 518 1726 698 1793; x_wconf 91' lang='lat' dir='ltr'><strong>nullo</strong></span> <span class='ocrx_word' id='word_1_91' title='bbox 723 1743 1006 1806; x_wconf 87' lang='lat' dir='ltr'><strong>unquam</strong></span> <span class='ocrx_word' id='word_1_92' title='bbox 1030 1728 1328 1805; x_wconf 89' lang='lat' dir='ltr'><strong>tempore</strong></span> <span class='ocrx_word' id='word_1_93' title='bbox 1351 1722 1574 1788; x_wconf 84' lang='lat' dir='ltr'><strong>facere</strong></span> <span class='ocrx_word' id='word_1_94' title='bbox 1599 1722 1708 1788; x_wconf 84' lang='lat' dir='ltr'><strong>vel</strong></span> <span class='ocrx_word' id='word_1_95' title='bbox 1739 1723 1972 1789; x_wconf 89' lang='lat' dir='ltr'><strong>venire</strong></span> <span class='ocrx_word' id='word_1_96' title='bbox 1999 1727 2117 1788; x_wconf 91' lang='lat' dir='ltr'><strong>aut</strong></span> <span class='ocrx_word' id='word_1_97' title='bbox 2140 1719 2523 1803; x_wconf 84' lang='lat' dir='ltr'><strong>aliqualiter</strong></span> <span class='ocrx_word' id='word_1_98' title='bbox 2546 1723 2913 1790; x_wconf 87' lang='lat' dir='ltr'><strong>contraire.</strong></span> 
     </span>
    </p>

    <p class='ocr_par' dir='ltr' id='par_1_3' title="bbox 511 1826 2919 2747">
     <span class='ocr_line' id='line_1_14' title="bbox 721 1826 2910 1910; baseline -0 -15"><span class='ocrx_word' id='word_1_99' title='bbox 721 1829 803 1895; x_wconf 91' lang='lat' dir='ltr'><strong>In</strong></span> <span class='ocrx_word' id='word_1_100' title='bbox 849 1845 1126 1910; x_wconf 89' lang='lat' dir='ltr'><strong>quorum</strong></span> <span class='ocrx_word' id='word_1_101' title='bbox 1174 1827 1461 1892; x_wconf 88' lang='lat' dir='ltr'><strong>omnium</strong></span> <span class='ocrx_word' id='word_1_102' title='bbox 1505 1826 1973 1910; x_wconf 86' lang='lat' dir='ltr'><strong>testimonium,</strong></span> <span class='ocrx_word' id='word_1_103' title='bbox 2022 1827 2401 1892; x_wconf 88' lang='lat' dir='ltr'><strong>memoriam</strong></span> <span class='ocrx_word' id='word_1_104' title='bbox 2446 1832 2517 1892; x_wconf 92' lang='lat' dir='ltr'><strong>et</strong></span> <span class='ocrx_word' id='word_1_105' title='bbox 2565 1828 2910 1894; x_wconf 85' lang='lat' dir='ltr'><strong>cautelam</strong></span> 
     </span>
     <span class='ocr_line' id='line_1_15' title="bbox 519 1930 2917 2016; baseline 0 -17"><span class='ocrx_word' id='word_1_106' title='bbox 519 1937 911 2016; x_wconf 85' lang='lat' dir='ltr'><strong>praesentes</strong></span> <span class='ocrx_word' id='word_1_107' title='bbox 956 1930 1102 2000; x_wconf 89' lang='lat' dir='ltr'><strong>fieri</strong></span> <span class='ocrx_word' id='word_1_108' title='bbox 1147 1935 1220 1996; x_wconf 89' lang='lat' dir='ltr'><strong>et</strong></span> <span class='ocrx_word' id='word_1_109' title='bbox 1263 1931 1646 2013; x_wconf 85' lang='lat' dir='ltr'><strong>sigillorum,</strong></span> <span class='ocrx_word' id='word_1_110' title='bbox 1693 1931 1905 1997; x_wconf 85' lang='lat' dir='ltr'><strong>nostri</strong></span> <span class='ocrx_word' id='word_1_111' title='bbox 1966 1930 2285 2000; x_wconf 85' lang='lat' dir='ltr'><strong>videlicet</strong></span> <span class='ocrx_word' id='word_1_112' title='bbox 2349 1933 2419 1998; x_wconf 88' lang='lat' dir='ltr'><strong>et</strong></span> <span class='ocrx_word' id='word_1_113' title='bbox 2478 1949 2625 1998; x_wconf 83' lang='lat' dir='ltr'><strong>ven.</strong></span> <span class='ocrx_word' id='word_1_114' title='bbox 2684 1933 2917 2013; x_wconf 82' lang='lat' dir='ltr'><strong>patris</strong></span> 
     </span>
     <span class='ocr_line' id='line_1_16' title="bbox 517 2033 2915 2118; baseline -0.001 -14"><span class='ocrx_word' id='word_1_115' title='bbox 517 2039 586 2104; x_wconf 88' lang='lat' dir='ltr'><strong>in</strong></span> <span class='ocrx_word' id='word_1_116' title='bbox 663 2036 930 2104; x_wconf 86' lang='lat' dir='ltr'><strong>Christo</strong></span> <span class='ocrx_word' id='word_1_117' title='bbox 1007 2033 1254 2102; x_wconf 90' lang='lat' dir='ltr'><strong>domini</strong></span> <span class='ocrx_word' id='word_1_118' title='bbox 1320 2034 1717 2118; x_wconf 79' lang='lat' dir='ltr'><strong>Wytigonis,</strong></span> <span class='ocrx_word' id='word_1_119' title='bbox 1788 2035 2166 2118; x_wconf 80' lang='lat' dir='ltr'><strong>Mysnensis</strong></span> <span class='ocrx_word' id='word_1_120' title='bbox 2235 2035 2550 2118; x_wconf 87' lang='lat' dir='ltr'><strong>episcopi,</strong></span> <span class='ocrx_word' id='word_1_121' title='bbox 2603 2055 2729 2101; x_wconf 91' lang='lat' dir='ltr'><strong>nec</strong></span> <span class='ocrx_word' id='word_1_122' title='bbox 2776 2055 2915 2103; x_wconf 89' lang='lat' dir='ltr'><strong>non</strong></span> 
     </span>
     <span class='ocr_line' id='line_1_17' title="bbox 515 2138 2911 2222; baseline -0.002 -12"><span class='ocrx_word' id='word_1_123' title='bbox 515 2142 759 2210; x_wconf 88' lang='lat' dir='ltr'><strong>civium</strong></span> <span class='ocrx_word' id='word_1_124' title='bbox 805 2159 925 2208; x_wconf 86' lang='lat' dir='ltr'><strong>seu</strong></span> <span class='ocrx_word' id='word_1_125' title='bbox 969 2138 1272 2208; x_wconf 79' lang='lat' dir='ltr'><strong>civitatis</strong></span> <span class='ocrx_word' id='word_1_126' title='bbox 1322 2138 1784 2221; x_wconf 80' lang='lat' dir='ltr'><strong>Glogoviensis</strong></span> <span class='ocrx_word' id='word_1_127' title='bbox 1818 2157 1857 2204; x_wconf 92' lang='lat' dir='ltr'><strong>a</strong></span> <span class='ocrx_word' id='word_1_128' title='bbox 1888 2139 2077 2206; x_wconf 88' lang='lat' dir='ltr'><strong>nobis</strong></span> <span class='ocrx_word' id='word_1_129' title='bbox 2112 2146 2510 2222; x_wconf 82' lang='lat' dir='ltr'><strong>rogatorum,</strong></span> <span class='ocrx_word' id='word_1_130' title='bbox 2549 2140 2911 2221; x_wconf 87' lang='lat' dir='ltr'><strong>appensio-</strong></span> 
     </span>
     <span class='ocr_line' id='line_1_18' title="bbox 511 2243 2912 2326; baseline 0 -14"><span class='ocrx_word' id='word_1_131' title='bbox 511 2247 706 2314; x_wconf 91' lang='lat' dir='ltr'><strong>nibus</strong></span> <span class='ocrx_word' id='word_1_132' title='bbox 773 2245 1048 2312; x_wconf 88' lang='lat' dir='ltr'><strong>fecimus</strong></span> <span class='ocrx_word' id='word_1_133' title='bbox 1117 2243 1434 2311; x_wconf 89' lang='lat' dir='ltr'><strong>roborari.</strong></span> <span class='ocrx_word' id='word_1_134' title='bbox 1525 2243 1620 2308; x_wconf 87' lang='lat' dir='ltr'><strong>Et</strong></span> <span class='ocrx_word' id='word_1_135' title='bbox 1685 2262 1804 2309; x_wconf 90' lang='lat' dir='ltr'><strong>nos</strong></span> <span class='ocrx_word' id='word_1_136' title='bbox 1872 2245 2145 2326; x_wconf 83' lang='lat' dir='ltr'><strong>Wytigo</strong></span> <span class='ocrx_word' id='word_1_137' title='bbox 2216 2245 2295 2309; x_wconf 92' lang='lat' dir='ltr'><strong>D.</strong></span> <span class='ocrx_word' id='word_1_138' title='bbox 2360 2264 2455 2326; x_wconf 85' lang='lat' dir='ltr'><strong>gr.</strong></span> <span class='ocrx_word' id='word_1_139' title='bbox 2516 2244 2912 2325; x_wconf 84' lang='lat' dir='ltr'><strong>Mysnensis</strong></span> 
     </span>
     <span class='ocr_line' id='line_1_19' title="bbox 516 2347 2917 2434; baseline -0.001 -16"><span class='ocrx_word' id='word_1_140' title='bbox 516 2350 888 2434; x_wconf 89' lang='lat' dir='ltr'><strong>episcopus,</strong></span> <span class='ocrx_word' id='word_1_141' title='bbox 939 2349 1162 2431; x_wconf 84' lang='lat' dir='ltr'><strong>judex,</strong></span> <span class='ocrx_word' id='word_1_142' title='bbox 1219 2347 1475 2414; x_wconf 89' lang='lat' dir='ltr'><strong>scabini</strong></span> <span class='ocrx_word' id='word_1_143' title='bbox 1535 2353 1607 2414; x_wconf 92' lang='lat' dir='ltr'><strong>et</strong></span> <span class='ocrx_word' id='word_1_144' title='bbox 1668 2347 1850 2415; x_wconf 86' lang='lat' dir='ltr'><strong>cives</strong></span> <span class='ocrx_word' id='word_1_145' title='bbox 1899 2349 2377 2430; x_wconf 79' lang='lat' dir='ltr'><strong>Glogovienses</strong></span> <span class='ocrx_word' id='word_1_146' title='bbox 2424 2348 2774 2431; x_wconf 79' lang='lat' dir='ltr'><strong>antedicti,</strong></span> <span class='ocrx_word' id='word_1_147' title='bbox 2823 2353 2917 2416; x_wconf 87' lang='lat' dir='ltr'><strong>ad</strong></span> 
     </span>
     <span class='ocr_line' id='line_1_20' title="bbox 513 2451 2914 2540; baseline 0 -17"><span class='ocrx_word' id='word_1_148' title='bbox 513 2475 750 2540; x_wconf 88' lang='lat' dir='ltr'><strong>preces</strong></span> <span class='ocrx_word' id='word_1_149' title='bbox 797 2457 858 2522; x_wconf 90' lang='lat' dir='ltr'><strong>d.</strong></span> <span class='ocrx_word' id='word_1_150' title='bbox 901 2454 948 2521; x_wconf 88' lang='lat' dir='ltr'><strong>J</strong></span> <span class='ocrx_word' id='word_1_151' title='bbox 951 2453 1229 2520; x_wconf 85' lang='lat' dir='ltr'><strong>ohannis</strong></span> <span class='ocrx_word' id='word_1_152' title='bbox 1277 2451 1462 2519; x_wconf 88' lang='lat' dir='ltr'><strong>ducis</strong></span> <span class='ocrx_word' id='word_1_153' title='bbox 1494 2453 1882 2537; x_wconf 85' lang='lat' dir='ltr'><strong>supradicti,</strong></span> <span class='ocrx_word' id='word_1_154' title='bbox 1915 2452 2131 2536; x_wconf 86' lang='lat' dir='ltr'><strong>sigilla</strong></span> <span class='ocrx_word' id='word_1_155' title='bbox 2164 2459 2396 2520; x_wconf 85' lang='lat' dir='ltr'><strong>nostra</strong></span> <span class='ocrx_word' id='word_1_156' title='bbox 2426 2453 2914 2535; x_wconf 85' lang='lat' dir='ltr'><strong>praesentibus</strong></span> 
     </span>
     <span class='ocr_line' id='line_1_21' title="bbox 516 2558 2919 2640; baseline -0 -12"><span class='ocrx_word' id='word_1_157' title='bbox 516 2562 585 2629; x_wconf 89' lang='lat' dir='ltr'><strong>in</strong></span> <span class='ocrx_word' id='word_1_158' title='bbox 632 2558 1082 2628; x_wconf 88' lang='lat' dir='ltr'><strong>testimonium</strong></span> <span class='ocrx_word' id='word_1_159' title='bbox 1128 2562 1587 2624; x_wconf 90' lang='lat' dir='ltr'><strong>enarratorum</strong></span> <span class='ocrx_word' id='word_1_160' title='bbox 1650 2559 1957 2639; x_wconf 88' lang='lat' dir='ltr'><strong>superius</strong></span> <span class='ocrx_word' id='word_1_161' title='bbox 2018 2559 2304 2625; x_wconf 88' lang='lat' dir='ltr'><strong>omnium</strong></span> <span class='ocrx_word' id='word_1_162' title='bbox 2364 2564 2435 2625; x_wconf 92' lang='lat' dir='ltr'><strong>et</strong></span> <span class='ocrx_word' id='word_1_163' title='bbox 2498 2558 2919 2640; x_wconf 83' lang='lat' dir='ltr'><strong>singulorum</strong></span> 
     </span>
     <span class='ocr_line' id='line_1_22' title="bbox 518 2663 1327 2747; baseline -0.007 -13"><span class='ocrx_word' id='word_1_164' title='bbox 518 2667 825 2733; x_wconf 85' lang='lat' dir='ltr'><strong>duximus</strong></span> <span class='ocrx_word' id='word_1_165' title='bbox 871 2663 1327 2747; x_wconf 88' lang='lat' dir='ltr'><strong>appendenda.</strong></span> 
     </span>
    </p>

    <p class='ocr_par' dir='ltr' id='par_1_4' title="bbox 724 2766 2915 2850">
     <span class='ocr_line' id='line_1_23' title="bbox 724 2766 2915 2850; baseline 0 -14"><span class='ocrx_word' id='word_1_166' title='bbox 724 2771 972 2836; x_wconf 85' lang='lat' dir='ltr'><strong>Datum</strong></span> <span class='ocrx_word' id='word_1_167' title='bbox 1017 2772 1089 2834; x_wconf 90' lang='lat' dir='ltr'><strong>et</strong></span> <span class='ocrx_word' id='word_1_168' title='bbox 1133 2772 1353 2833; x_wconf 83' lang='lat' dir='ltr'><strong>actum</strong></span> <span class='ocrx_word' id='word_1_169' title='bbox 1403 2766 1767 2850; x_wconf 81' lang='lat' dir='ltr'><strong>Glogoviae</strong></span> <span class='ocrx_word' id='word_1_170' title='bbox 1811 2766 1881 2833; x_wconf 90' lang='lat' dir='ltr'><strong>in</strong></span> <span class='ocrx_word' id='word_1_171' title='bbox 1928 2768 2036 2835; x_wconf 86' lang='lat' dir='ltr'><strong>die</strong></span> <span class='ocrx_word' id='word_1_172' title='bbox 2080 2770 2141 2834; x_wconf 92' lang='lat' dir='ltr'><strong>b.</strong></span> <span class='ocrx_word' id='word_1_173' title='bbox 2188 2766 2473 2850; x_wconf 81' lang='lat' dir='ltr'><strong>Remigii</strong></span> <span class='ocrx_word' id='word_1_174' title='bbox 2505 2787 2561 2835; x_wconf 89' lang='lat' dir='ltr'><strong>a.</strong></span> <span class='ocrx_word' id='word_1_175' title='bbox 2594 2768 2674 2834; x_wconf 92' lang='lat' dir='ltr'><strong>D.</strong></span> <span class='ocrx_word' id='word_1_176' title='bbox 2714 2774 2915 2837; x_wconf 85' lang='lat'><strong>1331.</strong></span> 
     </span>
    </p>
   </div>
   <div class='ocr_carea' id='block_1_3' title="bbox 729 2884 2920 2977">
    <p class='ocr_par' dir='ltr' id='par_1_5' title="bbox 729 2884 2920 2977">
     <span class='ocr_line' id='line_1_24' title="bbox 729 2884 2920 2977; baseline -0.002 -18"><span class='ocrx_word' id='word_1_177' title='bbox 729 2889 848 2976; x_wconf 88' lang='lat' dir='ltr'><strong>(A.</strong></span> <span class='ocrx_word' id='word_1_178' title='bbox 873 2888 968 2959; x_wconf 88' lang='lat' dir='ltr'><strong>K.</strong></span> <span class='ocrx_word' id='word_1_179' title='bbox 989 2926 1066 2937; x_wconf 91' lang='lat'><strong>—-</strong></span> <span class='ocrx_word' id='word_1_180' title='bbox 1089 2888 1283 2954; x_wconf 80' lang='lat' dir='ltr'><strong>Arch.</strong></span> <span class='ocrx_word' id='word_1_181' title='bbox 1309 2884 1374 2955; x_wconf 84' lang='lat' dir='ltr'><strong>S.</strong></span> <span class='ocrx_word' id='word_1_182' title='bbox 1407 2888 1612 2955; x_wconf 71' lang='lat' dir='ltr'><strong>W&#39;enc.</strong></span> <span class='ocrx_word' id='word_1_183' title='bbox 1641 2926 1729 2937; x_wconf 90' lang='lat'>—</span> <span class='ocrx_word' id='word_1_184' title='bbox 1761 2888 2008 2956; x_wconf 69' lang='lat' dir='ltr'><strong>Grimh.</strong></span> <span class='ocrx_word' id='word_1_185' title='bbox 2029 2890 2081 2969; x_wconf 90' lang='lat' dir='ltr'><strong>I,</strong></span> <span class='ocrx_word' id='word_1_186' title='bbox 2101 2890 2245 2956; x_wconf 83' lang='lat'><strong><em>133.</em></strong></span> <span class='ocrx_word' id='word_1_187' title='bbox 2264 2886 2526 2955; x_wconf 62' lang='lat' dir='ltr'><strong>-Emt</strong></span> <span class='ocrx_word' id='word_1_188' title='bbox 2549 2888 2920 2977; x_wconf 86' lang='lat' dir='ltr'><strong><em>I1I.1836.)</em></strong></span> 
     </span>
    </p>
   </div>
   <div class='ocr_carea' id='block_1_4' title="bbox 518 3060 2922 3255">
    <p class='ocr_par' dir='ltr' id='par_1_6' title="bbox 518 3060 2922 3255">
     <span class='ocr_line' id='line_1_25' title="bbox 725 3060 2917 3149; baseline 0.002 -17"><span class='ocrx_word' id='word_1_189' title='bbox 725 3067 835 3133; x_wconf 76' lang='lat'><strong>95.</strong></span> <span class='ocrx_word' id='word_1_190' title='bbox 897 3064 948 3133; x_wconf 90' lang='lat' dir='ltr'><strong>J</strong></span> <span class='ocrx_word' id='word_1_191' title='bbox 951 3082 1232 3133; x_wconf 87' lang='lat' dir='ltr'><strong>oannes</strong></span> <span class='ocrx_word' id='word_1_192' title='bbox 1277 3081 1414 3131; x_wconf 84' lang='lat' dir='ltr'><strong>rex</strong></span> <span class='ocrx_word' id='word_1_193' title='bbox 1479 3060 1901 3149; x_wconf 82' lang='lat' dir='ltr'><strong>privilegia</strong></span> <span class='ocrx_word' id='word_1_194' title='bbox 1954 3062 2300 3133; x_wconf 76' lang='lat' dir='ltr'><strong>civit-atis</strong></span> <span class='ocrx_word' id='word_1_195' title='bbox 2355 3060 2917 3148; x_wconf 81' lang='lat' dir='ltr'><strong>Glogoviensis</strong></span> 
     </span>
     <span class='ocr_line' id='line_1_26' title="bbox 518 3165 2922 3255; baseline 0.001 -18"><span class='ocrx_word' id='word_1_196' title='bbox 518 3167 932 3247; x_wconf 83' lang='lat' dir='ltr'><strong>coufirmat,</strong></span> <span class='ocrx_word' id='word_1_197' title='bbox 971 3166 1422 3255; x_wconf 82' lang='lat' dir='ltr'><strong>promittens</strong></span> <span class='ocrx_word' id='word_1_198' title='bbox 1457 3165 1739 3235; x_wconf 86' lang='lat' dir='ltr'><strong>dictam</strong></span> <span class='ocrx_word' id='word_1_199' title='bbox 1770 3166 2159 3237; x_wconf 88' lang='lat' dir='ltr'><strong>civitatem</strong></span> <span class='ocrx_word' id='word_1_200' title='bbox 2186 3186 2565 3254; x_wconf 84' lang='lat' dir='ltr'><strong>nunquam</strong></span> <span class='ocrx_word' id='word_1_201' title='bbox 2590 3186 2635 3236; x_wconf 86' lang='lat' dir='ltr'><strong>a</strong></span> <span class='ocrx_word' id='word_1_202' title='bbox 2660 3186 2922 3255; x_wconf 83' lang='lat' dir='ltr'><strong>regno</strong></span> 
     </span>
    </p>
   </div>
   <div class='ocr_carea' id='block_1_5' title="bbox 517 3270 1963 3461">
    <p class='ocr_par' dir='ltr' id='par_1_7' title="bbox 517 3270 1963 3461">
     <span class='ocr_line' id='line_1_27' title="bbox 517 3270 1414 3342; baseline -0.002 0"><span class='ocrx_word' id='word_1_203' title='bbox 517 3271 871 3342; x_wconf 86' lang='lat' dir='ltr'><strong>Boemiae</strong></span> <span class='ocrx_word' id='word_1_204' title='bbox 916 3270 1414 3342; x_wconf 85' lang='lat' dir='ltr'><strong>alienandam.</strong></span> 
     </span>
     <span class='ocr_line' id='line_1_28' title="bbox 913 3376 1963 3461; baseline 0.003 -20"><span class='ocrx_word' id='word_1_205' title='bbox 913 3398 922 3404; x_wconf 90' lang='lat'><em>·</em></span> <span class='ocrx_word' id='word_1_206' title='bbox 1449 3377 1642 3461; x_wconf 83' lang='lat'><strong>1331,</strong></span> <span class='ocrx_word' id='word_1_207' title='bbox 1690 3379 1754 3445; x_wconf 85' lang='lat'><strong>2.</strong></span> <span class='ocrx_word' id='word_1_208' title='bbox 1802 3376 1963 3446; x_wconf 88' lang='lat' dir='ltr'><strong>Oct.</strong></span> 
     </span>
    </p>
   </div>
   <div class='ocr_carea' id='block_1_6' title="bbox 514 3497 2919 3689">
    <p class='ocr_par' dir='ltr' id='par_1_8' title="bbox 514 3497 2919 3689">
     <span class='ocr_line' id='line_1_29' title="bbox 727 3497 2919 3585; baseline 0 -22"><span class='ocrx_word' id='word_1_209' title='bbox 727 3498 1096 3585; x_wconf 72' lang='lat' dir='ltr'><strong>(Reyestum</strong></span> <span class='ocrx_word' id='word_1_210' title='bbox 1143 3499 1327 3583; x_wconf 78' lang='lat' dir='ltr'><strong>apud</strong></span> <span class='ocrx_word' id='word_1_211' title='bbox 1372 3497 1765 3584; x_wconf 73' lang='lat' dir='ltr'><strong>Grilnhayen</strong></span> <span class='ocrx_word' id='word_1_212' title='bbox 1809 3522 1891 3562; x_wconf 74' lang='lat' dir='ltr'><strong>ea:</strong></span> <span class='ocrx_word' id='word_1_213' title='bbox 1937 3498 2106 3561; x_wconf 75' lang='lat' dir='ltr'><strong>libro</strong></span> <span class='ocrx_word' id='word_1_214' title='bbox 2152 3499 2337 3583; x_wconf 73' lang='lat' dir='ltr'><strong>niqra</strong></span> <span class='ocrx_word' id='word_1_215' title='bbox 2394 3498 2681 3561; x_wconf 71' lang='lat' dir='ltr'><strong>civitatis</strong></span> <span class='ocrx_word' id='word_1_216' title='bbox 2744 3498 2919 3565; x_wconf 80' lang='lat' dir='ltr'><strong>Glo-</strong></span> 
     </span>
     <span class='ocr_line' id='line_1_30' title="bbox 514 3601 1531 3689; baseline 0.001 -22"><span class='ocrx_word' id='word_1_217' title='bbox 514 3604 759 3689; x_wconf 80' lang='lat' dir='ltr'><strong>9oviae.</strong></span> <span class='ocrx_word' id='word_1_218' title='bbox 805 3640 890 3651; x_wconf 92' lang='lat'>—</span> <span class='ocrx_word' id='word_1_219' title='bbox 933 3601 1097 3672; x_wconf 79' lang='lat' dir='ltr'><em>Eml.</em></span> <span class='ocrx_word' id='word_1_220' title='bbox 1140 3602 1262 3667; x_wconf 91' lang='grc' dir='ltr'><strong>ΙΙΙ.</strong></span> <span class='ocrx_word' id='word_1_221' title='bbox 1309 3603 1531 3689; x_wconf 85' lang='grc'><strong>1837.)</strong></span> 
     </span>
    </p>
   </div>
   <div class='ocr_carea' id='block_1_7' title="bbox 519 3771 2921 4190">
    <p class='ocr_par' dir='ltr' id='par_1_9' title="bbox 519 3771 2921 4073">
     <span class='ocr_line' id='line_1_31' title="bbox 725 3771 2921 3861; baseline 0.001 -15"><span class='ocrx_word' id='word_1_222' title='bbox 725 3780 832 3846; x_wconf 85' lang='grc'><strong>96.</strong></span> <span class='ocrx_word' id='word_1_223' title='bbox 881 3776 1128 3845; x_wconf 84' lang='lat' dir='ltr'><strong>Duces</strong></span> <span class='ocrx_word' id='word_1_224' title='bbox 1177 3771 1474 3847; x_wconf 84' lang='lat' dir='ltr'><strong>Sleziae</strong></span> <span class='ocrx_word' id='word_1_225' title='bbox 1518 3774 1945 3861; x_wconf 85' lang='lat' dir='ltr'><strong>Boleslaus‚</strong></span> <span class='ocrx_word' id='word_1_226' title='bbox 2002 3776 2493 3846; x_wconf 79' lang='lat' dir='ltr'><strong>wenceslaus</strong></span> <span class='ocrx_word' id='word_1_227' title='bbox 2540 3780 2617 3846; x_wconf 82' lang='lat' dir='ltr'><strong>et</strong></span> <span class='ocrx_word' id='word_1_228' title='bbox 2661 3776 2921 3849; x_wconf 83' lang='lat' dir='ltr'><strong>Lude-</strong></span> 
     </span>
     <span class='ocr_line' id='line_1_32' title="bbox 519 3879 2920 3971; baseline 0.001 -21"><span class='ocrx_word' id='word_1_229' title='bbox 519 3881 784 3966; x_wconf 84' lang='lat' dir='ltr'><strong>wicuS‚</strong></span> <span class='ocrx_word' id='word_1_230' title='bbox 853 3879 1133 3950; x_wconf 87' lang='lat' dir='ltr'><strong>domiui</strong></span> <span class='ocrx_word' id='word_1_231' title='bbox 1205 3881 1739 3968; x_wconf 82' lang='lat' dir='ltr'><strong>LegnicenseS‚</strong></span> <span class='ocrx_word' id='word_1_232' title='bbox 1807 3884 2058 3949; x_wconf 78' lang='lat' dir='ltr'><strong>terras</strong></span> <span class='ocrx_word' id='word_1_233' title='bbox 2128 3900 2308 3950; x_wconf 86' lang='lat' dir='ltr'><strong>suas</strong></span> <span class='ocrx_word' id='word_1_234' title='bbox 2378 3880 2657 3951; x_wconf 60' lang='lat' dir='ltr'><strong>,Ioanni</strong></span> <span class='ocrx_word' id='word_1_235' title='bbox 2729 3884 2920 3971; x_wconf 80' lang='lat' dir='ltr'><strong>regi</strong></span> 
     </span>
     <span class='ocr_line' id='line_1_33' title="bbox 521 3983 2633 4073; baseline -0 -19"><span class='ocrx_word' id='word_1_236' title='bbox 521 3983 1006 4072; x_wconf 81' lang='lat' dir='ltr'><strong>resignantes</strong></span> <span class='ocrx_word' id='word_1_237' title='bbox 1054 3984 1352 4055; x_wconf 84' lang='lat' dir='ltr'><strong>easdem</strong></span> <span class='ocrx_word' id='word_1_238' title='bbox 1399 3985 1493 4055; x_wconf 83' lang='lat' dir='ltr'><strong>ab</strong></span> <span class='ocrx_word' id='word_1_239' title='bbox 1540 3984 1710 4071; x_wconf 87' lang='lat' dir='ltr'><strong>ipso</strong></span> <span class='ocrx_word' id='word_1_240' title='bbox 1757 3984 1836 4053; x_wconf 90' lang='lat' dir='ltr'><strong>in</strong></span> <span class='ocrx_word' id='word_1_241' title='bbox 1882 3983 2186 4054; x_wconf 85' lang='lat' dir='ltr'><strong>feudum</strong></span> <span class='ocrx_word' id='word_1_242' title='bbox 2231 3985 2633 4073; x_wconf 78' lang='lat' dir='ltr'><strong>recipiunt.</strong></span> 
     </span>
    </p>

    <p class='ocr_par' dir='ltr' id='par_1_10' title="bbox 1426 4107 1998 4190">
     <span class='ocr_line' id='line_1_34' title="bbox 1426 4107 1998 4190; baseline -0.003 -14"><span class='ocrx_word' id='word_1_243' title='bbox 1426 4110 1620 4190; x_wconf 83' lang='lat'><strong>1331,</strong></span> <span class='ocrx_word' id='word_1_244' title='bbox 1667 4110 1775 4176; x_wconf 88' lang='lat'><strong>13.</strong></span> <span class='ocrx_word' id='word_1_245' title='bbox 1823 4107 1998 4176; x_wconf 80' lang='lat' dir='ltr'><strong>Dec.</strong></span> 
     </span>
    </p>
   </div>
   <div class='ocr_carea' id='block_1_8' title="bbox 519 4230 2929 4421">
    <p class='ocr_par' dir='ltr' id='par_1_11' title="bbox 519 4230 2929 4421">
     <span class='ocr_line' id='line_1_35' title="bbox 727 4230 2928 4315; baseline 0.004 -20"><span class='ocrx_word' id='word_1_246' title='bbox 727 4231 862 4297; x_wconf 89' lang='lat' dir='ltr'><strong>Nos</strong></span> <span class='ocrx_word' id='word_1_247' title='bbox 931 4230 1297 4313; x_wconf 61' lang='lat' dir='ltr'><strong>Boleslaua</strong></span> <span class='ocrx_word' id='word_1_248' title='bbox 1370 4230 1807 4297; x_wconf 84' lang='lat' dir='ltr'><strong>Wenceslaus</strong></span> <span class='ocrx_word' id='word_1_249' title='bbox 1878 4236 1951 4296; x_wconf 89' lang='lat' dir='ltr'><strong>et</strong></span> <span class='ocrx_word' id='word_1_250' title='bbox 2014 4231 2354 4297; x_wconf 85' lang='lat' dir='ltr'><strong>Ludvicus</strong></span> <span class='ocrx_word' id='word_1_251' title='bbox 2414 4232 2493 4297; x_wconf 90' lang='lat' dir='ltr'><strong>D.</strong></span> <span class='ocrx_word' id='word_1_252' title='bbox 2552 4252 2645 4315; x_wconf 83' lang='lat' dir='ltr'><strong>gr.</strong></span> <span class='ocrx_word' id='word_1_253' title='bbox 2702 4235 2928 4303; x_wconf 87' lang='lat' dir='ltr'><strong>duces</strong></span> 
     </span>
     <span class='ocr_line' id='line_1_36' title="bbox 519 4333 2929 4421; baseline 0.003 -19"><span class='ocrx_word' id='word_1_254' title='bbox 519 4336 781 4421; x_wconf 81' lang='lat' dir='ltr'><strong>Sleziae</strong></span> <span class='ocrx_word' id='word_1_255' title='bbox 827 4339 898 4400; x_wconf 91' lang='lat' dir='ltr'><strong>et</strong></span> <span class='ocrx_word' id='word_1_256' title='bbox 931 4333 1172 4401; x_wconf 86' lang='lat' dir='ltr'><strong>domini</strong></span> <span class='ocrx_word' id='word_1_257' title='bbox 1207 4334 1655 4419; x_wconf 82' lang='lat' dir='ltr'><strong>Lignicenses,</strong></span> <span class='ocrx_word' id='word_1_258' title='bbox 1686 4336 1769 4400; x_wconf 87' lang='lat' dir='ltr'><strong>ad</strong></span> <span class='ocrx_word' id='word_1_259' title='bbox 1804 4335 2256 4402; x_wconf 83' lang='lat' dir='ltr'><strong>universorum</strong></span> <span class='ocrx_word' id='word_1_260' title='bbox 2290 4340 2425 4401; x_wconf 88' lang='lat' dir='ltr'><strong>tam</strong></span> <span class='ocrx_word' id='word_1_261' title='bbox 2454 4339 2929 4419; x_wconf 85' lang='lat' dir='ltr'><strong>praesentium</strong></span> 
     </span>
    </p>
   </div>
   <div class='ocr_carea' id='block_1_9' title="bbox 3217 775 3218 4938">
    <p class='ocr_par' dir='ltr' id='par_1_12' title="bbox 3217 775 3218 4938">
     <span class='ocr_line' id='line_1_37' title="bbox 3217 775 3218 4938; baseline 0 0"><span class='ocrx_word' id='word_1_262' title='bbox 3217 775 3218 4938; x_wconf 95' lang='lat' dir='ltr'><strong> </strong></span> 
     </span>
    </p>
   </div>
  </div>
 </body>
</html>
