3288 4973
430 27 504 48 ‘OD
570 25 579 33 “

1437 368 1784 431 ..55-

393 574 568 655 quia
621 574 958 641 mediante
1015 574 1260 642 illustri
1321 576 1640 664 principe,
1704 575 1783 640 D.
1845 575 2081 641 Carolo
2148 576 2538 659 Hungariae
2614 595 2794 661 rege,

393 678 620 745 fratre
707 684 939 745 nostro
1029 683 1435 769 charissimo,
1525 683 1703 748 inter
1770 677 2191 763 magnificum
2275 678 2643 761 principem
2718 681 2798 747 D.

395 781 776 849 Johannem
839 784 1196 853 Bohemiae
1243 790 1300 855 ἀ
1345 788 1663 856 Poloniae
1726 800 1951 867 regem
2019 800 2099 850 ac
2161 786 2463 851 comitem
2526 784 2798 853 Lucem-

391 888 818 969 burgensem,
880 888 936 954 ὣ
993 908 1112 957 nos
1185 910 1264 959 ac
1311 894 1607 961 illustres
1672 887 2030 972 principes,
2098 888 2300 955 duces
2363 890 2685 956 Austriae
2743 891 2797 956 dr

397 992 672 1074 Stiriae,
719 992 968 1059 fratres
1013 1002 1277 1063 nostros
1325 997 1774 1075 charissimOS,
1819 1011 2021 1075 super
2067 992 2369 1059 omnibus
2425 993 2803 1076 discordiiS,

393 1096 636 1162 litibus
697 1096 754 1162 ὅσ
807 1101 1302 1185 controversiis,
1361 1120 1530 1183 quae
1589 1098 1744 1166 hinc
1803 1098 1958 1163 inde
2021 1098 2477 1181 vertebantur,
2540 1116 2797 1180 compo-

397 1200 566 1267 sitio
609 1201 978 1268 amicabilis
1027 1204 1082 1269 ὦ
1128 1206 1313 1271 firma
1359 1204 1713 1271 concordia
1760 1200 2143 1283 intervenit,
2184 1206 2421 1283 sponte
2471 1200 2525 1267 a
2569 1202 2799 1277 libere,

405 1306 464 1370 ὣ
545 1324 628 1371 ex
701 1312 960 1373 maturo
1036 1310 1091 1375 ἀ
1171 1310 1543 1379 deliberato
1625 1305 1921 1387 consilio,
2008 1310 2236 1372 nostro
2338 1306 2393 1371 ὣ
2481 1306 2799 1373 heredum

403 1415 785 1477 nostrorum
831 1412 1094 1479 nomine
1157 1414 1619 1485 renunciamus
1666 1410 1838 1478 omni
1874 1410 2027 1493 juri,
2076 1408 2383 1491 omnique
2430 1410 2680 1477 actioni
2742 1411 2797 1477 ὣ

401 1513 806 1597 quaestioni,
851 1520 1029 1597 quod
1073 1518 1180 1587 vel
1227 1519 1493 1599 quaein
1526 1535 1733 1601 regno
1772 1514 2129 1581 Bohemiae
2177 1514 2285 1579 vel
2332 1514 2793 1581 marchionatu

401 1637 526 1685 seu
571 1624 758 1685 terra
802 1620 1167 1707 Moraviae,
1210 1624 1279 1689 in
1325 1628 1468 1689 toto
1515 1623 1623 1689 vel
1672 1621 1739 1686 in
1780 1624 1991 1701 parte,
2024 1637 2105 1684 ex
2145 1636 2537 1699 quacunque
2570 1636 2793 1701 causa,

405 1742 794 1805 quocunque
831 1723 984 1806 ,iure
1031 1728 1138 1793 vel
1175 1727 1372 1794 titulo
1406 1731 1523 1794 aut
1552 1727 1761 1807 mode,
1807 1724 1995 1789 nobis
2045 1724 2099 1788 Si
2144 1724 2501 1789 heredibus
2548 1724 2795 1789 nostris

405 1828 872 1909 competebant
939 1830 1283 1915 hactenuS,
1345 1834 1729 1913 competunt
1788 1830 1856 1895 in
1924 1828 2266 1909 praesenti
2345 1827 2451 1895 vel
2524 1834 2800 1908 possent

405 1932 896 2013 quomodolibet
939 1940 1314 2017 competere
1361 1936 1428 2002 in
1473 1933 1783 2015 futurum,
1834 1932 1887 1997 ὣ
1933 1931 2099 1997 nihil
2136 1932 2311 2016 juris
2359 1932 2465 1997 vel
2512 1932 2797 1998 actionis

404 2037 696 2104 fatemur
755 2038 824 2103 in
871 2036 1120 2104 eisdem
1179 2038 1456 2106 dicimus
1505 2038 1560 2103 Sc
1606 2034 2139 2119 recognoscimus
2195 2053 2314 2102 nos
2374 2036 2640 2103 habere.
2698 2038 2792 2102 Et

407 2144 466 2209 si
513 2144 671 2223 quid
711 2141 882 2224 juris
928 2141 1036 2208 vel
1082 2141 1365 2209 actionis
1413 2141 1876 2209 habuissemus
1924 2140 2032 2206 vel
2073 2140 2320 2206 habere
2356 2140 2795 2221 potuissemus

407 2248 478 2313 in
520 2244 708 2329 ipsiS‚
752 2247 836 2312 de
881 2248 1005 2313 hoc
1052 2254 1425 2330 spontanea
1473 2248 1526 2313 ὅτ,
1564 2247 1781 2314 libera
1824 2245 2177 2312 voluntate
2223 2251 2456 2310 nostra
2507 2245 2561 2310 8ο
2594 2245 2795 2311 etiam

406 2359 663 2418 maturo
728 2352 783 2417 ἀ
839 2352 1206 2418 deliberato
1269 2352 1545 2419 consilio
1607 2350 1999 2433 praehabito
2065 2368 2267 2430 super
2337 2350 2460 2414 hoc
2522 2350 2789 2430 saepius

409 2477 552 2524 cum
609 2456 971 2524 baronibus
1035 2458 1088 2525 ὣ
1149 2458 1478 2526 nobilibus
1536 2457 1805 2539 nostriS,
1861 2454 2165 2522 totaliter
2223 2454 2669 2521 concessimus
2732 2454 2787 2521 a

409 2562 828 2630 concedimus
891 2563 952 2628 d.
1012 2567 1157 2646 regi
1219 2563 1576 2630 Bohemiae
1637 2563 1996 2642 antedictae,
2055 2560 2170 2642 ita,
2236 2561 2409 2640 quod
2468 2577 2799 2640 nunquam

410 2668 538 2734 sibi
623 2666 734 2732 vel
796 2667 1151 2734 heredibus
1211 2673 1330 2734 aut
1403 2667 1898 2734 successoribus
1962 2666 2100 2731 suis
2182 2667 2262 2730 de
2324 2665 2447 2730 hoc
2510 2663 2796 2744 aliquam

409 2773 666 2856 brigam
713 2771 1119 2838 movebimus
1163 2790 1288 2840 nec
1321 2771 1606 2852 aliquam
1641 2771 2127 2852 quaestionem
2176 2769 2301 2834 imo
2335 2769 2553 2850 potius
2584 2767 2798 2850 ipsum

411 2875 738 2943 dominum
815 2894 1042 2960 regem
1117 2877 1476 2944 Bohemiae
1546 2877 1600 2943 ὣ
1670 2876 1951 2942 heredes
2016 2876 2069 2940 ὣ
2135 2891 2556 2940 successores
2642 2890 2796 2938 suos

409 2985 488 3049 de
533 3001 612 3047 eo
661 2999 923 3063 semper
968 2982 1226 3062 quietos
1275 2987 1461 3050 stare
1510 2983 1563 3048 ὣ
1611 2981 1924 3064 pacificos
1971 2979 2449 3063 promittemus

615 3087 1100 3152 Proniittentes
1159 3090 1279 3154 sub
1338 3088 1668 3168 corporali
1712 3085 2039 3169 praestito
2095 3085 2472 3169 juramento
2523 3083 2577 3148 ὣ
2624 3081 2798 3148 omni

407 3191 640 3257 fraude
701 3209 782 3257 ac
842 3189 991 3256 dolo
1061 3190 1366 3274 exclusiS,
1435 3192 1565 3273 ipsi
1625 3191 1885 3258 domino
1946 3189 2089 3273 regi
2153 3186 2512 3253 Bohemiae
2572 3204 2796 3253 omnes

407 3293 642 3362 literas
689 3295 1033 3375 omniaque
1080 3295 1436 3380 privilegia
1484 3297 1538 3362 ὣ
1585 3296 2049 3376 instrumenta,
2098 3311 2267 3374 quae
2311 3293 2629 3359 habemus
2677 3310 2796 3358 seu

407 3403 656 3468 habere
733 3401 1197 3485 dignoscimur,
1257 3405 1379 3470 sub
1429 3402 1927 3482 quibuscunque
1988 3399 2213 3466 formis
2272 3417 2391 3464 seu
2452 3398 2797 3462 tenoribus

408 3507 780 3588 verborum,
827 3523 1028 3587 super
1074 3506 1574 3588 quibuscunque
1621 3503 2162 3572 concessionibus
2211 3504 2263 3570 ὅτ,
2312 3499 2799 3582 donationibuS,

411 3609 926 3694 obligationibus
988 3612 1096 3677 vel
1157 3610 1306 3678 aliis
1374 3613 1884 3692 quibuscunque
1944 3609 2154 3676 modis
2201 3628 2282 3676 ac
2329 3606 2788 3674 contractibus

411 3716 598 3782 nobis
661 3715 718 3780 ἃς
782 3714 1140 3782 heredibus
1201 3717 1448 3783 nostris
1513 3735 1632 3800 per
1696 3733 2123 3797 quascunque
2178 3732 2518 3797 personaS,
2579 3711 2796 3794 cujus·

411 3837 666 3901 cunque
709 3823 948 3902 status,
1001 3820 1399 3888 conditionis
1431 3822 1538 3888 vel
1569 3820 2098 3903 praeminentiae
2133 3819 2502 3900 extiterint,
2536 3819 2797 3885 etiamsi

409 3923 746 4004 Imperiali
811 3925 916 3990 vel
977 3926 1190 4008 regali
1236 3925 1711 4008 praefulserint
1756 3925 2105 4010 dignitate,
2163 3924 2216 3989 ἀ
2278 3940 2396 4004 per
2451 3923 2511 3987 d.
2572 3941 2795 4005 regem

411 4028 766 4094 Bohemiae
814 4031 894 4094 de
945 4047 1150 4112 regno
1198 4030 1344 4112 ipso
1399 4031 1752 4096 Bohemiae
1804 4031 1913 4096 vel
1944 4028 2399 4095 marchionatu
2451 4026 2793 4092 Moraviae

409 4131 514 4196 vel
577 4132 801 4216 aliqua
861 4138 1057 4214 parte
1114 4134 1406 4216 ipsorum
1465 4134 1683 4217 factiS,
1746 4134 1973 4200 statim
2037 4131 2166 4198 sibi
2224 4129 2570 4212 resignare
2628 4131 2681 4198 δε
2729 4131 2796 4196 in

411 4255 592 4302 suam
639 4239 910 4304 tradere
959 4243 1400 4320 potestatem3
1449 4239 1545 4305 sic
1593 4241 1765 4319 quod
1812 4239 2056 4305 nullam
2102 4238 2186 4302 de
2231 4233 2395 4318 ipsis
2435 4233 2648 4301 literis
2681 4252 2799 4300 seu

412 4340 778 4425 privilegiis
825 4342 1014 4409 nobis
1061 4361 1344 4424 unquam
1388 4343 1881 4410 reservabimus
1922 4342 2033 4412 vel
2062 4339 2497 4408 retinebimus
2532 4358 2791 4421 quoquo
