3288 4973
151 12 432 152 ¹*
461 13 557 23 ’Ν

1319 364 1709 435 -477-ς

307 564 804 631 marchionibus
855 566 959 646 M„
1007 582 1091 629 ex
1137 570 1324 631 certa
1383 566 1671 632 scientia
1730 564 1951 631 omnia
2004 562 2306 630 canonici
2368 570 2439 629 et
2485 563 2705 630 civilis

297 668 471 752 juris
538 668 788 735 auxilio
850 672 922 733 et
995 668 1296 735 omnibus
1366 668 1957 736 constitutionibus
2028 666 2383 750 papalium,
2444 668 2708 748 imperi-

304 773 638 853 aliumque
686 772 1104 854 voluminum,
1151 777 1484 839 terrarum
1525 772 2138 853 consuetudinibus
2170 771 2474 851 omnique
2508 774 2708 839 bene-

310 877 464 945 ficio
512 884 582 944 et
627 878 1120 948 observantiae.
1165 876 1403 956 quibus
1451 896 1572 943 nos
1620 884 1859 944 contra
1904 878 2071 942 haec
2118 873 2292 942 tueri
2352 894 2711 959 possemuS‚

309 982 640 1061 quibusve
687 982 794 1046 vel
845 999 963 1062 per
1006 999 1180 1061 quae
1226 982 1354 1063 ipsi
1403 982 1551 1047 duci
1592 981 1934 1062 Austriae,
1964 980 2311 1062 fratribus,
2341 978 2705 1046 heredibus

311 1090 382 1150 et
429 1084 935 1151 successoribus
982 1084 1122 1149 suis
1166 1084 1236 1150 in
1283 1086 1725 1167 praescriptis
1781 1086 2154 1166 ducatibus„
2202 1082 2709 1166 principatibus,

313 1188 519 1254 terris
585 1194 786 1269 atque
857 1188 1180 1271 dominiis,
1245 1188 1446 1253 ullum
1492 1195 1724 1271 posset
1782 1206 2091 1268 umquam
2152 1189 2709 1275 impedimentum,

309 1296 668 1375 dampnum
712 1298 832 1359 aut
878 1292 1240 1375 periculum
1289 1294 1653 1360 imminere.

525 1397 766 1462 Testes
814 1397 1010 1479 hujus
1057 1398 1155 1463 rei
1201 1450 1214 1463 .
1266 1448 1279 1462 .
1325 1450 1340 1464 .

523 1500 618 1568 Ut
663 1511 884 1568 autem
933 1502 1301 1583 praemissa
1345 1502 1560 1567 omnia
1605 1502 1983 1569 stabilitate
2035 1500 2247 1567 solida
2277 1506 2348 1566 et
2380 1499 2705 1581 perhenni

311 1605 627 1671 memoria
685 1606 942 1690 jugiter
1008 1612 1466 1688 perseverent,
1551 1610 1945 1687 praesentes
2013 1603 2278 1671 litteras
2356 1604 2559 1670 scribi
2638 1610 2707 1669 et

311 1708 683 1793 sigillorum
730 1717 1109 1775 nostrorum
1151 1710 1429 1776 fecimus
1476 1713 1887 1792 appensione
1919 1710 2181 1777 muniri.

519 1848 766 1915 Datum
812 1848 882 1913 in
926 1849 1171 1915 castris
1217 1852 1399 1930 apud
1447 1848 1813 1932 Ezzlingen
1858 1868 1913 1913 a.
1964 1849 2041 1914 D.
2093 1854 2281 1930 1360,
2327 1846 2705 1912 Indictione

309 1952 519 2018 tertia
571 1952 846 2036 decima,
909 1953 1101 2018 nonis
1161 1952 1592 2035 Septembris,
1662 1968 2009 2033 regnorum
2078 1959 2457 2017 nostrorum
2530 1966 2705 2015 anno

315 2057 549 2137 quinto
597 2058 866 2137 decimo,
913 2055 1188 2139 Imperii
1235 2075 1395 2123 vero
1443 2068 1653 2123 sexto.

523 2196 738 2284 (Oi-2⁶9.
782 2218 831 2262 c.
877 2218 931 2261 r.
981 2197 1178 2295 arch..
1220 2196 1401 2261 Vind.
1447 2232 1536 2245 —
1585 2195 1844 2259 Brandl
1890 2194 2002 2263 IX.
2048 2196 2233 2265 187.)

514 2406 667 2471 474.
731 2400 1182 2489 Rudolphus
1255 2402 1619 2471 Austriae
1678 2402 1833 2471 dux
1891 2405 2283 2470 renuntiat
2338 2399 2691 2470 omnibus

298 2507 606 2597 juribus
651 2507 806 2578 sibi
849 2507 934 2578 in
975 2507 1212 2578 terris
1259 2505 1608 2576 Boemiae
1653 2505 2284 2593 competentibus.

1083 2631 1278 2714 1360,
1325 2633 1382 2697 5.
1433 2627 1926 2715 Septembris.

520 2771 658 2836 Nos
704 2770 1092 2851 Rudolphus
1141 2769 1210 2834 D.
1255 2789 1352 2853 gr.
1396 2770 1534 2834 dux
1581 2768 1917 2851 Austriae,
1980 2768 2253 2850 Styriae
2302 2773 2426 2832 etc.
2472 2772 2699 2832 notum

308 2873 588 2941 facimus
635 2879 868 2940 tenore
916 2872 1368 2953 praesentium
1413 2873 1767 2955 universiS‚
1828 2873 2007 2953 quod
2051 2890 2171 2937 nos
2218 2889 2364 2936 cum
2410 2869 2697 2936 serenis-

311 2979 474 3046 simo
545 2977 846 3060 principe
914 2979 985 3042 et
1050 2976 1328 3060 domino,
1400 2978 1460 3042 d.
1528 2976 1763 3042 Carolo
1823 2975 1900 3040 R.
1966 2975 2017 3042 Ι.
2079 2993 2128 3039 s.
2178 2993 2235 3039 a.
2282 2979 2354 3039 et
2400 2973 2473 3038 B.
2518 2991 2700 3056 rege,

311 3083 574 3151 domino
635 3088 708 3148 et
750 3095 982 3148 socero
1029 3089 1258 3147 nostro
1327 3080 1646 3165 gratiose,
1716 3085 1785 3146 et
1852 3098 1997 3145 cum
2066 3078 2311 3144 illustri
2379 3075 2704 3166 principe,

313 3189 573 3256 domino
618 3185 900 3268 Joanne‚
947 3185 1328 3252 marchione
1377 3183 1737 3267 Moraviae,
1782 3182 2113 3249 avunculo
2170 3189 2399 3247 nostro
2447 3181 2701 3246 charis-

316 3293 498 3372 simo,
563 3309 770 3372 super
813 3290 1115 3356 omnibus
1183 3287 1626 3371 displicentiis
1698 3294 1768 3355 et
1832 3287 2316 3353 dissensionum
2384 3283 2704 3365 materiiS,

315 3415 486 3477 quae
534 3396 715 3461 inter
759 3413 880 3460 nos
941 3399 1100 3459 sunt
1165 3411 1376 3474 usque
1444 3393 1513 3460 in
1581 3397 2001 3474 praesentem
2067 3389 2239 3456 diem
2308 3389 2705 3453 alterutrum

315 3499 706 3581 ventilatae,
782 3516 866 3563 ex
940 3497 1218 3578 speciali
1294 3497 1460 3562 dicti
1530 3496 1774 3562 domini
1848 3493 2065 3561 nostri
2129 3495 2191 3558 d.
2265 3489 2701 3573 Imperatoris

311 3601 670 3670 clementia
714 3602 814 3668 ita
860 3620 1080 3667 sumus
1127 3601 1414 3670 invicem
1460 3599 1879 3667 reconciliati
1924 3595 2368 3664 amicabiliter
2412 3599 2483 3660 et
2511 3593 2704 3675 uniti,

311 3709 484 3790 quod
516 3706 692 3773 idem
722 3705 1026 3772 dominus
1059 3713 1291 3772 noster
1321 3705 1700 3788 Imperator
1738 3705 2079 3790 gratiosus
2127 3701 2429 3768 dominus
2475 3704 2705 3765 noster

313 3830 464 3880 esse
513 3811 831 3893 dignatur
875 3815 946 3875 et
992 3809 1210 3875 dictus
1266 3811 1327 3878 d.
1369 3809 1682 3889 marchi0,
1743 3808 2110 3877 avunculus
2186 3811 2435 3885 noster,
2493 3805 2703 3868 bonus

303 3921 544 3983 noster
593 3919 915 3997 perpetuo
963 3916 1164 3979 debet
1212 3931 1363 3980 esse
1408 3913 1681 3980 amicus,

520 4017 731 4101 Quam
779 4019 861 4084 ob
910 4036 1046 4084 rem
1093 4017 1310 4084 animo
1357 4017 1747 4099 deliberato,
1809 4035 1971 4081 sano
2026 4015 2381 4080 amicorum
2427 4022 2497 4075 et
2542 4009 2699 4074 fide-

301 4125 463 4190 lium
511 4127 812 4188 nostrum
867 4124 1232 4188 accedente
1295 4122 1570 4188 consilio
1617 4127 1690 4187 et
1736 4140 1819 4186 ex
1865 4123 2056 4186 certa
2115 4115 2401 4184 scientia
2460 4129 2697 4177 renun-

299 4227 552 4294 tiamus
600 4244 716 4308 pro
755 4225 942 4292 nobis
991 4233 1061 4292 et
1105 4226 1478 4291 illustribus
1517 4225 1886 4308 Frideric0‚
1916 4223 2201 4289 Alberto
2234 4227 2305 4286 et
2334 4215 2698 4298 Leopold0‚

299 4330 628 4398 fratribus
685 4330 952 4413 nostrie,
1014 4348 1271 4396 necnon
1331 4330 1689 4395 heredibus
1752 4333 1821 4395 et
1882 4324 2384 4393 successoribus
2446 4318 2700 4386 nostris
