3288 4973
1608 262 1997 322 -578—

602 480 770 544 quas
816 468 1038 528 mutuo
1087 464 1376 543 desuper
1422 463 1551 533 sibi
1605 465 1923 540 dedimus,
1971 463 2253 530 lucidius
2303 466 2409 529 est
2455 480 2871 544 expressum3
2924 470 2992 526 et

606 571 676 634 in
742 586 888 633 eum
965 586 1209 648 casum,
1284 568 1396 633 ubi
1467 570 1716 635 dictum
1795 568 2125 635 dominum
2192 574 2264 633 et
2332 568 2611 633 fratrem
2680 575 2995 647 nostrum,

601 674 886 739 heredes
935 678 1004 738 et
1045 688 1471 738 successores
1519 690 1677 737 suos
1725 670 2063 753 praefatos
2112 673 2365 751 absque
2413 671 2773 737 heredibus
2838 669 2995 753 legi·

598 776 779 843 timis
823 775 1175 842 masculini
1223 794 1425 843 sexus
1474 778 1802 843 decedere
1852 775 2299 859 contingeret,
2344 777 2519 855 quod
2551 782 2710 841 tunc
2744 775 2991 840 dictum

603 899 878 965 regnum
939 882 1026 946 ad
1071 898 1210 960 nos,
1274 881 1554 946 heredes
1611 888 1684 946 et
1743 896 2167 945 successores
2228 886 2514 960 nostroS,
2576 878 2991 945 marchiones

603 986 710 1065 M„
754 990 936 1049 esset
979 984 1276 1067 legitime
1323 986 1728 1067 devolutum,
1773 990 1846 1050 ut
1892 985 1959 1049 in
2015 982 2165 1049 aliis
2226 982 2445 1050 literis
2504 985 2795 1064 desuper
2857 989 2990 1049 tra-

605 1089 764 1153 ditis
811 1087 1071 1169 plenius
1133 1095 1240 1153 est
1293 1106 1703 1170 expressum.
1772 1086 1957 1170 Quas
2024 1087 2293 1153 litteras
2361 1088 2433 1153 in
2492 1088 2795 1155 omnibus
2856 1088 2991 1153 suis

604 1190 946 1277 clausum,
984 1192 1361 1269 sententiis
1405 1194 1757 1265 tenoribus,
1798 1200 1868 1258 et
1916 1192 2197 1275 punctis,
2252 1192 2433 1259 sicut
2476 1192 2772 1274 scriptae
2820 1198 2993 1273 sunt,

603 1296 674 1362 in
719 1313 837 1363 suo
886 1297 1123 1361 robore
1173 1313 1294 1377 per
1337 1296 1558 1361 omnia
1603 1295 1906 1362 volumus
1952 1312 2319 1362 remanere.

813 1398 908 1465 Et
953 1401 1038 1465 ad
1085 1400 1306 1466 omnia
1339 1406 1410 1465 et
1443 1400 1711 1484 singula
1742 1406 1811 1464 et
1844 1418 2068 1466 eorum
2102 1399 2462 1481 quodlibet,
2496 1405 2695 1481 prout
2728 1417 2995 1481 expres·

604 1509 843 1570 santur
889 1503 1214 1585 superius,
1263 1505 1685 1570 observanda
1732 1522 1849 1569 nos
1896 1506 2069 1571 bona
2115 1505 2263 1586 fide,
2326 1506 2577 1585 absque
2624 1503 2805 1569 omni
2850 1502 2994 1569 dolo

603 1616 675 1673 et
721 1608 791 1674 in
833 1608 1090 1674 virtute
1138 1607 1504 1689 corporalis
1543 1609 1910 1691 juramenti
1958 1607 2306 1690 praedicti,
2367 1608 2452 1673 de
2511 1612 2701 1673 certa
2763 1614 2995 1673 nostra

605 1711 892 1798 scientia
937 1712 1218 1777 firmiter
1265 1710 1655 1795 obligamur.

817 1815 1281 1881 Praesentium
1329 1823 1456 1881 etc.

814 1954 1060 2020 Datum
1134 1954 1395 2036 Pragae
1473 1972 1528 2021 a.
1605 1954 1684 2019 D.
1758 1960 1941 2037 1371,
2018 1954 2391 2021 Indictione
2470 1972 2661 2037 nona,
2738 1955 2987 2021 decimo

610 2064 853 2139 quarto
897 2058 1048 2124 Kal.
1095 2059 1273 2124 Maii.

816 2195 940 2282 (A.
985 2194 1081 2265 Κ.
1126 2232 1215 2247 --
1259 2194 1520 2259 Brandl
1565 2196 1640 2259 X.
1654 2247 1670 2277 ‚
1740 2196 1886 2260 119.
1933 2232 2018 2243 -
2068 2194 2167 2280 Cf.
2224 2196 2477 2261 litteras
2540 2196 2689 2260 dolo.
2747 2196 2994 2283 Praqae

607 2300 796 2376 1349,
844 2302 945 2366 26.
989 2300 1144 2367 Dec.
1189 2322 1248 2367 n.
1295 2302 1424 2365 296
1469 2310 1528 2364 et
1573 2303 1721 2383 297,
1778 2322 2012 2365 necnon
2055 2300 2307 2368 litteras
2341 2301 2432 2365 dd
2450 2322 2487 2367 1.
2519 2300 2775 2387 Praqae
2806 2302 2989 2379 1366,

608 2405 716 2467 14.
769 2406 939 2489 Apr.
990 2426 1050 2472 n.
1099 2404 1279 2492 560.)

817 2580 967 2647 617.
1017 2579 1271 2648 Castri
1319 2583 1396 2648 ct
1439 2577 1785 2650 civitatis
1832 2579 2183 2668 Mulberg
2228 2580 2669 2652 infeudatio.

1442 2702 1641 2787 1371,
1689 2704 1796 2769 21.
1844 2699 2167 2789 Aprilis.

819 2837 1064 2892 Vacslav
1101 2855 1132 2894 a
1169 2839 1437 2894 Albrecht
1493 2839 1756 2895 kniez'rata
1796 2841 1963 2895 saska
2000 2858 2027 2896 s
2064 2840 2373 2908 povolem‘m
2425 2840 2639 2896 ciesaie
2676 2841 2745 2895 K.
2788 2840 2995 2910 prodali

609 2923 756 2978 krali
813 2925 1148 2980 Vacslavovi
1203 2943 1236 2980 a
1296 2926 1558 2980 budiicim
1611 2925 1825 2980 kralom
1880 2928 2103 2994 ceskym
2158 2927 2265 2995 pod
2318 2927 2445 2982 leno
2495 2929 2692 2983 zamek
2738 2945 2775 2983 a
2827 2929 2995 2982 mesto

607 3011 864 3067 Missberk
903 3029 934 3066 a
972 3012 1097 3066 leno
1136 3013 1204 3067 od
1243 3013 1386 3068 neho
1423 3013 1612 3084 pfijali
1653 3029 1685 3067 a
1722 3013 1927 3068 buduci
1964 3014 2229 3070 kniezata
2266 3016 2435 3069 saska
2468 3015 2576 3082 pod
2612 3015 2741 3070 leno
2772 3013 2999 3070 zavdzal

607 3099 644 3152 k
683 3099 906 3153 korune.
948 3099 1043 3166 (A.
1080 3100 1185 3170 K.)

817 3257 968 3324 618.
1020 3254 1274 3325 Casti-i
1319 3253 1850 3326 Werdenheim
1894 3255 2337 3328 infeudatio.

1445 3379 1636 3462 1371,
1685 3380 1795 3446 21.
1840 3375 2164 3464 Aprilis.

821 3511 946 3564 List
982 3513 1158 3567 kneze
1196 3512 1476 3567 Vacslava
1513 3513 1775 3568 kniezete
1825 3516 2194 3581 misenskeho,
2234 3534 2271 3571 v
2305 3519 2460 3572 nemi
2510 3520 2756 3586 prodava
2802 3519 2995 3572 zamek

609 3599 762 3667 svuoj
805 3598 1202 3667 Wcrdenhayn
1239 3615 1272 3652 a
1307 3601 1575 3670 zavazuje
1603 3616 1665 3656 se
1690 3616 1715 3655 s
1744 3601 1859 3656 nim
1884 3617 1919 3656 v
1943 3601 2219 3658 maustvie
2246 3605 2283 3657 k
2310 3605 2520 3659 korune
2546 3607 2733 3660 ceske.
2768 3606 2867 3674 (A.
2894 3605 2991 3670 K.)

818 3759 968 3825 619.
1047 3755 1608 3825 Testamentum
1683 3755 1735 3826 J
1737 3757 2006 3828 oannis
2076 3759 2541 3831 marchionis
2608 3758 2993 3830 Moraviae

614 3878 750 3947 per
796 3858 1149 3928 Carolum
1195 3859 1323 3928 IV.
1373 3859 1844 3946 approbatur
1889 3864 1966 3931 et
2011 3863 2584 3936 corroboratur.

1509 3983 1706 4068 1371,
1751 3986 1862 4052 12.
1908 3981 2112 4054 Maii.

823 4119 1112 4186 Karolus
1175 4127 1469 4204 quartus,
1529 4122 1757 4189 divina
1824 4122 2098 4197 favente
2160 4126 2516 4193 clementia
2560 4127 2995 4195 Romanorum

615 4223 990 4305 Imperator
1036 4242 1084 4290 s.
1133 4244 1188 4292 a.
1239 4233 1308 4290 et
1356 4225 1669 4292 Boemiae
1715 4244 1852 4294 rex.
