3288 4973
1417 388 1806 448 -453-

412 583 921 665 principatuum,
968 586 1341 667 ducatuum,
1386 588 1674 654 omnium
1717 594 1787 655 et
1818 589 2226 673 singulorum
2261 590 2626 681 principum
2659 592 2805 659 sive

412 690 651 755 ducum
696 688 957 755 Sleziae
1004 694 1074 755 et
1122 690 1523 771 opuliensis,
1570 692 1809 773 quibus
1857 694 2059 761 etiam
2116 693 2520 775 specialibus
2575 696 2802 777 appel-

410 792 639 858 lentur
682 793 1073 874 nominibuS,
1137 796 1385 860 ducatu
1440 795 1862 863 Svidnicensi
1923 804 1996 862 et
2053 797 2414 865 Javorensi
2471 800 2802 866 duntaxat

412 911 717 978 excepto,
764 898 1007 979 partim
1036 898 1313 979 directo,
1347 900 1591 980 partim
1622 918 1785 966 vero
1821 900 1968 967 utili
2002 907 2072 966 et
2103 901 2478 969 immediato
2511 904 2800 969 dominio

411 1014 533 1083 est,
560 1008 761 1082 prout
782 1001 1183 1068 universalis
1209 1004 1417 1069 habet
1448 1010 1834 1070 cunctorum
1867 1004 2132 1087 notitia,
2164 1005 2468 1087 superior
2499 1007 2798 1093 dominus

406 1105 741 1187 generalis
789 1110 860 1171 et
905 1106 1321 1187 principatus
1387 1124 1646 1173 necnon
1690 1108 1972 1173 ducatus
2017 1106 2349 1189 praedicti
2395 1126 2542 1175 cum
2588 1112 2789 1177 omni-

405 1211 531 1275 bus
595 1210 977 1291 honoribus,
1043 1210 1305 1293 juribus
1367 1215 1437 1276 et
1496 1211 1928 1293 pertinentiis
1989 1212 2126 1277 suis
2188 1215 2271 1277 ab
2337 1231 2413 1279 eo
2475 1220 2794 1294 tanquam

406 1332 569 1397 rege
613 1314 687 1380 B.
736 1320 806 1379 et
850 1333 891 1381 a
939 1332 1183 1381 corona
1226 1316 1413 1397 regni
1461 1315 1752 1396 praefati
1796 1316 1864 1381 in
1894 1315 2160 1383 feodum
2191 1318 2589 1401 dependent,
2621 1317 2798 1384 sicut

406 1419 530 1485 hoc
576 1415 917 1499 principes
964 1424 1035 1484 et
1082 1421 1284 1485 duces
1322 1419 1612 1500 praefati
1642 1421 1714 1485 in
1744 1426 1976 1486 nostra
2009 1420 2362 1486 constituti
2391 1422 2794 1506 praesentia,

402 1522 822 1588 confessione
912 1524 1175 1589 notoria
1265 1524 1526 1606 publice
1616 1523 2026 1607 fatebantur,
2125 1524 2495 1607 profitendo
2572 1527 2793 1609 etiam,

400 1626 693 1707 qualiter
766 1625 1073 1707 praefato
1148 1628 1407 1695 domino
1483 1638 1712 1694 nostro
1786 1628 2186 1709 Imperatori
2261 1635 2576 1709 tanquam
2645 1630 2792 1713 regi

399 1730 493 1813 B,
540 1732 901 1798 heredibus
960 1736 1029 1796 et
1090 1732 1610 1816 successoribus,
1671 1732 1745 1798 B.
1811 1732 2082 1817 regibus
2127 1739 2196 1798 et
2242 1734 2536 1801 eiusdem
2597 1736 2790 1817 regni

398 1854 701 1919 coronae,
748 1840 1065 1916 tanquam
1124 1836 1323 1918 veriS,
1384 1835 1824 1917 naturalibus,
1884 1837 2314 1905 hereditariis
2359 1843 2430 1904 et
2475 1837 2788 1923 legitimis

396 1941 695 2024 dominiS,
740 1960 863 2023 pro
924 1960 996 2007 se
1058 1959 1139 2008 ac
1197 1941 1692 2007 successoribus
1755 1943 1911 2024 suiS,
1969 1942 2230 2009 Sleziae
2292 1948 2361 2009 et
2409 1942 2788 2025 Opuliensis

396 2046 692 2127 ducibuS,
783 2045 1251 2126 praestiterint
1342 2046 1648 2129 homagii,
1737 2045 2104 2125 fidelitatis,
2203 2046 2622 2113 obedientiae
2714 2052 2784 2112 et

393 2148 829 2232 subjectionis
882 2150 1152 2217 debitae
1198 2141 1521 2217 consueta
1566 2169 1646 2215 ac
1691 2150 2008 2217 solemnia
2046 2151 2444 2235 Juramenta,
2491 2156 2560 2215 et
2609 2153 2784 2231 quod

390 2253 723 2334 praedicti
783 2256 1063 2319 ducatus
1125 2252 1386 2320 Sleziae
1447 2262 1517 2319 et
1564 2254 1962 2338 Opuliensis,
2022 2272 2282 2321 necnon
2331 2257 2610 2321 ducatus
2669 2256 2782 2321 vel

390 2356 630 2423 civitas
683 2357 1245 2425 Wratislaviensis
1292 2364 1361 2423 et
1407 2358 1611 2424 etiam
1657 2359 1790 2425 alia
1837 2360 2100 2443 oppida,
2144 2365 2387 2442 terrae,
2423 2359 2776 2425 districtus

388 2468 459 2528 et
502 2462 956 2544 pertinentiae
1016 2481 1162 2530 cum
1222 2462 1525 2530 omnibus
1586 2462 1914 2546 dominiiS,
1969 2465 2335 2530 honoribus
2398 2468 2468 2530 et
2506 2462 2774 2546 juribus

386 2569 521 2632 suis
569 2585 777 2651 regno
824 2573 893 2632 et
942 2585 1225 2634 coronae
1272 2569 1346 2635 B.
1392 2569 1475 2633 de
1522 2568 1846 2634 communi
1893 2569 2263 2650 voluntate,
2307 2575 2464 2634 voto
2511 2574 2583 2633 et
2622 2585 2774 2633 con-

385 2671 531 2738 silio
581 2673 937 2738 eorundem
1000 2671 1373 2753 principum
1430 2678 1500 2738 et
1546 2673 1750 2737 etiam
1812 2673 2106 2756 aliorum,
2170 2691 2444 2753 quorum
2503 2674 2591 2738 ad
2650 2673 2776 2739 hoc

382 2776 632 2856 requiri
703 2777 947 2842 debeat
1007 2793 1341 2858 assensus,
1399 2775 1572 2841 uniti
1632 2781 1705 2842 et
1763 2776 2174 2858 incorporati
2233 2795 2314 2844 ac
2375 2776 2770 2842 inviscerati

381 2881 517 2945 sint
564 2887 636 2946 et
682 2897 831 2945 esse
877 2881 1189 2962 debeant,
1252 2878 1418 2945 adeo
1464 2878 2002 2946 irrevocabiliter
2046 2886 2117 2948 et
2165 2881 2576 2959 inconvulse,
2620 2886 2694 2946 ut
2727 2901 2768 2947 a

376 2984 703 3066 praetatis
766 2984 959 3066 regni
1004 2989 1074 3048 et
1120 3002 1361 3048 corona
1406 2983 1481 3050 B.
1528 2983 1764 3067 scindi,
1837 2983 2043 3052 dividi
2107 3003 2226 3051 seu
2286 2985 2569 3051 alienari
2628 3002 2761 3050 non

378 3091 670 3155 debeant
723 3087 955 3168 quovis
1018 3089 1227 3170 modo.
1289 3087 1462 3153 sicut
1520 3089 1648 3154 hoc
1711 3087 2080 3170 principum
2142 3088 2634 3170 praedictorum
2697 3093 2766 3154 et

374 3194 653 3260 aliorum
699 3190 1025 3272 similiter,
1072 3209 1345 3270 quorum
1392 3190 1726 3256 interesse
1774 3193 2014 3276 potuit,
2059 3198 2167 3260 est
2191 3192 2588 3278 juramentis
2622 3211 2762 3260 cor-

375 3296 714 3378 poralibus
762 3294 1148 3361 solemniter
1192 3297 1647 3377 approbatum.

581 3398 673 3464 Et
720 3415 865 3466 cum
912 3399 1310 3480 episcopalis
1356 3402 1550 3464 sedes
1616 3419 1734 3466 seu
1776 3401 2100 3466 cathedra
2131 3401 2459 3467 ecclesiae
2489 3409 2760 3468 nostrae

372 3503 956 3570 Wratislaviensis
1045 3511 1364 3568 noscatur
1451 3505 1583 3570 sita
1673 3503 1740 3568 in
1831 3503 2110 3569 civitate
2206 3504 2761 3590 wratislaviensi,

369 3609 850 3691 praedictaque
941 3606 1197 3689 civitas,
1290 3615 1365 3671 ut
1456 3607 1926 3688 praemittitur,
2014 3625 2220 3691 regno
2313 3613 2384 3674 et
2471 3627 2756 3677 coronae

368 3711 435 3778 B.
483 3709 579 3780 ‘ac
640 3711 901 3777 domino
961 3716 1190 3777 nostro
1252 3711 1650 3791 Imperatori
1707 3711 2031 3792 praefat0,
2091 3723 2405 3792 tanquam
2467 3713 2611 3796 regi
2665 3714 2759 3797 B.,

368 3825 472 3883 est
530 3815 917 3882 immediate
976 3817 1296 3899 subjecta,
1358 3815 1468 3894 qui
1525 3815 1714 3881 nobis
1762 3821 1832 3881 et
1875 3815 2202 3883 ecclesiae
2249 3821 2519 3882 nostrae
2566 3835 2754 3897 prae-

364 3919 587 3990 dictae
633 3918 880 3986 multas
910 3919 1239 4000 speciales
1270 3920 1756 3987 munificentias
1790 3923 1871 3986 de
1904 3922 2092 4006 regia
2122 3921 2573 3987 munificentia
2605 3941 2750 3986 nos-

362 4025 538 4091 citur
584 4021 985 4091 contulisse:
1044 4026 1127 4090 ob
1172 4025 1298 4090 hoc
1342 4030 1541 4108 grata
1585 4025 2053 4092 vicissitudine
2097 4027 2244 4108 sibi,
2289 4043 2372 4091 ne
2417 4032 2752 4091 tantorum

354 4127 831 4196 beneficiorum
876 4127 1079 4194 simus
1128 4127 1397 4210 ingrati,
1444 4147 1794 4196 occurrere
1842 4129 2210 4211 cupienteS,
2247 4131 2465 4196 animo
2500 4129 2752 4195 delibe-

356 4241 525 4316 rato,
566 4249 705 4298 non
752 4249 872 4312 per
918 4248 1211 4297 errorem
1256 4237 1373 4298 aut
1415 4233 1808 4314 improvide,
1855 4234 1972 4298 sed
2018 4237 2276 4298 maturo
2325 4238 2396 4298 et
2425 4234 2751 4299 communi

354 4338 807 4419 praecedente
870 4333 1167 4416 consilio,
1228 4335 1373 4416 pari
1442 4335 1726 4402 omnium
1793 4342 2090 4402 nostrum
2161 4336 2528 4419 voluntate,
2587 4345 2746 4404 voto
