3288 4973
246 13 585 30 —-r-—-r---—
632 13 643 16 -
682 13 693 15 ,,

381 37 390 46 .
419 37 428 46 .

1354 332 1740 393 *-209--

344 530 773 601 universitati
820 533 1029 617 ipsius
1061 554 1285 601 omnes
1326 536 1736 617 donationes,
1769 536 2254 615 concessiones,
2287 535 2734 616 inmunitateS,

346 636 721 721 libertateS,
766 640 910 705 iura
957 646 1027 705 et
1074 638 1427 723 privilegia
1473 640 1637 723 ipsis
1687 659 1806 723 per
1851 660 2076 707 omnes
2111 648 2179 707 et
2215 640 2514 723 singulos
2546 658 2736 721 prae-

342 742 735 809 decessores
780 750 1047 810 nostros
1092 749 1163 809 et
1208 744 1594 825 specialiter
1641 763 1759 826 per
1806 744 2133 811 dominum
2201 750 2498 811 nostrum
2557 743 2736 827 geni-

338 850 557 911 torem
589 845 1004 929 praedictum
1037 849 1196 913 data
1230 854 1301 913 et
1347 866 1668 913 concessa
1714 848 1782 912 in
1815 850 2094 929 singulis
2124 848 2424 915 articulis
2455 854 2528 913 et
2557 848 2735 913 clau-

336 950 511 1017 sulis
557 952 951 1027 eorumdem,
1000 950 1568 1031 qualitercumque
1626 951 1968 1033 innotatiS‚
2030 958 2100 1017 et
2145 952 2424 1017 maxime
2473 952 2645 1032 quod
2695 971 2734 1017 a

336 1074 592 1121 corona
638 1056 829 1141 regni
859 1056 1171 1123 Boemiae
1204 1056 1532 1136 praedicti
1566 1073 1696 1121 non
1737 1059 1987 1122 debent
2017 1056 2402 1137 aliqualiter
2433 1054 2732 1133 alienari,

332 1162 465 1225 sub
514 1161 739 1226 debito
786 1160 1140 1226 iuramenti
1172 1162 1503 1243 praestiti,
1536 1180 1664 1241 quo
1697 1179 1816 1226 nos
1852 1160 2103 1243 pridem
2135 1161 2434 1227 dominus
2467 1160 2734 1242 genitor

332 1272 572 1329 noster
604 1266 1027 1346 saepedictus
1063 1284 1181 1330 suo
1229 1266 1597 1331 iuramento
1646 1264 1983 1337 astrinxit,
2032 1270 2230 1347 prout
2261 1264 2327 1330 in
2363 1262 2729 1346 privilegiis

332 1370 633 1451 desuper
692 1370 866 1435 datis
920 1370 1297 1435 evidentius
1362 1370 1765 1450 declaratur,
1811 1376 1882 1435 et
1933 1388 2063 1449 quo
2111 1370 2310 1435 etiam
2361 1370 2728 1435 iuramento

332 1491 569 1538 omnes
638 1480 899 1540 nostros
966 1491 1388 1541 successores
1458 1474 1648 1558 regni
1699 1474 2008 1539 Boemiae
2071 1474 2358 1557 astringi
2435 1473 2728 1540 volumus

331 1594 419 1641 ac
466 1576 667 1643 etiam
715 1579 859 1645 sine
906 1578 1204 1659 qualibet
1250 1578 1599 1643 occasione
1649 1578 1948 1662 obligari,
2003 1578 2433 1659 -ratificamuS,
2492 1594 2726 1658 appro-

334 1684 572 1747 bamus
620 1688 691 1747 et
734 1682 1201 1765 gratificamus.

550 1822 799 1887 Datum
846 1822 1325 1889 Wratislaviae
1395 1839 1453 1889 a.
1500 1823 1578 1887 D.
1644 1826 1830 1891 1341.
1900 1822 2016 1887 ter.
2078 1820 2164 1887 II.
2224 1820 2520 1904 proxima
2583 1828 2732 1903 post

332 1924 582 1991 festum
630 1928 671 1991 b
740 1926 1048 1993 Mauricii
1094 1934 1163 1993 et
1211 1928 1534 1993 sociorum
1582 1928 1742 2010 ejus.

546 2062 761 2151 (Chyt.
816 2066 954 2134 VII.
1001 2068 1144 2134 357.
1192 2106 1275 2113 -
1322 2066 1535 2129 Emler
1579 2066 1618 2128 I
1628 2064 1690 2131 V.
1739 2064 1954 2147 1010.)

544 2328 697 2395 194.
746 2324 1106 2407 Boleslai,
1154 2322 1372 2391 ducis
1420 2321 1810 2392 Mazoviae
1856 2326 1934 2389 et
1978 2319 2262 2389 domini
2305 2320 2723 2405 plocensis,

330 2429 636 2515 literae,
654 2427 929 2516 quibus
946 2426 1352 2516 promittit,
1370 2426 1568 2514 quod
1590 2425 1687 2496 ad
1715 2424 2142 2496 mandatum
2168 2424 2382 2510 regis
2401 2426 2454 2496 J
2455 2426 2724 2496 oannis

332 2532 635 2618 Cal-olo,
682 2533 847 2623 ejus
892 2532 1427 2621 primogenito,
1476 2534 1856 2617 tamquam
1899 2529 2432 2616 primogenito,
2483 2531 2552 2599 si
2590 2551 2721 2598 rex

331 2641 785 2722 moreretur,
833 2637 1267 2724 homagium
1312 2635 1711 2706 fidelitatis
1759 2633 2203 2720 praestabit.

546 2795 671 2849 List
708 2795 1001 2850 Boleslava
1036 2795 1296 2848 kniezete
1348 2793 1732 2858 inazovskeho,
1787 2797 1854 2846 ae
1909 2794 1996 2845 ma
2049 2790 2384 2845 rozkazanie
2441 2792 2508 2844 od
2571 2793 2721 2847 krdle

330 2883 479 2937 Jana
516 2883 757 2938 ceskeho
795 2883 981 2936 listem
1018 2885 1355 2954 otevijeuym,
1413 2880 1597 2948 kdyby
1657 2879 1814 2932 Buoh
1849 2878 2022 2932 JMsti
2061 2877 2384 2942 neuchoval‚
2424 2879 2524 2946 aby
2563 2895 2722 2946 prvo-

335 2969 609 3024 rozeneho
648 2985 787 3037 syna
816 2970 947 3038 jeho
986 2969 1160 3023 Kurla
1198 2985 1265 3022 za
1302 2972 1448 3034 pana
1478 2966 1650 3034 jmeli
1698 2969 1844 3019 1341.

1082 3109 1276 3190 1341,
1324 3109 1431 3174 30.
1482 3102 1970 3190 Septembris.

542 3267 680 3332 Nos
712 3265 1058 3331 Boleslaus
1101 3265 1176 3331 D.
1211 3285 1307 3348 gr.
1340 3266 1471 3329 dux
1506 3263 1850 3328 Mazoviae
1884 3269 1954 3327 et
1985 3261 2282 3326 dominus
2315 3263 2715 3345 PloczensiS‚

336 3371 867 3454 recognoscimus
918 3389 1032 3450 pro
1082 3369 1269 3436 uobis
1316 3377 1386 3433 et
1434 3367 1679 3432 nostris
1727 3366 2080 3432 heredibus
2115 3373 2181 3430 et
2227 3369 2720 3433 successoribus

342 3476 691 3556 universis,
758 3479 989 3541 tenore
1062 3473 1530 3554 praesentium,
1579 3473 1753 3550 quod
1812 3472 1892 3536 ad
1956 3469 2350 3548 requisitum
2414 3477 2482 3534 et
2541 3489 2719 3536 man-

340 3583 559 3646 datum
610 3579 1017 3644 serenissimi
1064 3577 1405 3658 principiS,
1453 3575 1699 3640 domini
1745 3575 1957 3640 nostri
2003 3572 2398 3656 charissimi,
2447 3577 2504 3638 d.
2541 3577 2718 3655 regis

344 3686 427 3767 B.‚
470 3684 663 3751 nobis
728 3685 1193 3766 praesentibus
1272 3682 1485 3746 literis
1554 3680 1822 3762 factum,
1885 3677 2231 3761 magnifico
2295 3679 2596 3761 principi,
2660 3683 2718 3746 d.

338 3789 589 3873 Car010‚
637 3789 845 3870 ipsius
892 3789 953 3852 d.
1000 3788 1179 3870 regis
1230 3784 1682 3867 primogenito,
1746 3783 2110 3848 marchioni
2158 3784 2518 3864 Moraviae,
2565 3803 2716 3850 cou-

338 3895 699 3978 sanguineo
746 3899 973 3958 nostro
1014 3891 1421 3970 charissime,
1454 3898 1521 3953 et
1555 3889 1692 3954 suis
1726 3887 2080 3954 heredibus
2115 3895 2183 3952 et
2216 3887 2714 3954 successoribus

338 3996 609 4064 fecimus
672 4003 741 4062 et
802 3997 1264 4078 praesentibus
1324 3994 1602 4059 facimus
1661 3995 2070 4076 promissum,
2119 3995 2290 4058 bona
2338 4001 2407 4058 et
2453 3993 2714 4058 sincera

342 4109 563 4169 nostra
612 4103 759 4184 fide,
804 4101 871 4165 in
920 4118 1063 4164 eum
1100 4117 1340 4180 casum,
1375 4097 1432 4163 si
1467 4101 1668 4180 (quod
1703 4099 1908 4180 absit)
1945 4099 2352 4178 praedictum
2387 4098 2712 4164 dominum

342 4215 647 4288 nostrum,
702 4223 923 4288 regem
988 4205 1314 4284 Boemiae,
1377 4205 1702 4268 decedere
1757 4202 2163 4285 contingerit
2223 4204 2306 4266 ab
2369 4203 2492 4267 hac
2555 4202 2715 4279 vita,

342 4329 417 4377 ex
460 4318 619 4377 tunc
652 4311 865 4392 ipsum
896 4310 955 4374 d.
990 4309 1307 4378 carolum,
1339 4315 1409 4373 et
1442 4327 1569 4373 non
1603 4308 1822 4391 alium,
1855 4308 2114 4372 ratione
2147 4306 2710 4389 primogeniturae

440 4448 582 4490 codex
608 4448 691 4498 int.
725 4447 821 4490 bob..
858 4447 911 4488 11.
944 4452 979 4487 1.
2443 4428 2508 4480 14
