3288 4973
1361 362 1751 421 -489—

357 560 615 627 Gorlitz
666 568 736 628 et
781 563 851 627 in
897 564 1100 628 terris
1161 562 1494 630 Snlzbach
1555 570 1626 630 et
1687 562 2005 645 quidquid
2065 562 2199 645 ipsi
2254 570 2447 628 trans
2510 562 2747 627 silvam

353 664 422 730 in
467 665 822 733 Alamania
869 668 976 733 vel
1021 668 1089 734 in
1135 668 1289 734 aliis
1335 669 1540 735 terris
1585 668 1725 735 suis
1776 667 2155 747 ubicunque
2216 666 2367 732 sitis
2423 666 2748 747 obtinent,

352 769 780 850 residentem,
869 771 1320 852 cuiuscunque
1411 771 1783 856 dignitatiS,
1875 772 2122 854 gradus
2197 774 2267 836 et
2344 770 2747 836 conditionis

354 872 674 956 existant,
718 876 786 939 in
830 874 1196 943 servitores
1257 876 1368 943 vel
1435 876 1797 944 familiares
1859 874 2167 956 accipere
2228 874 2339 941 vel
2402 874 2745 955 suscipere

353 979 677 1062 volumuS,
765 980 1017 1060 absque
1091 980 1384 1062 ipsorum
1461 980 1570 1047 vei
1646 999 1869 1047 eorum
1944 979 2245 1061 alterius,
2319 978 2503 1045 cuius
2583 984 2745 1043 tunc

351 1082 688 1148 interesse
732 1084 986 1164 poterit
1028 1080 1201 1151 bona
1247 1085 1357 1151 vel
1403 1085 1733 1152 benevola
1784 1083 2148 1150 voluntate.

564 1187 931 1253 Praeterea
993 1188 1384 1269 specialiter
1451 1188 1897 1271 promittimus
1969 1194 2038 1253 et
2108 1188 2529 1268 spondemus
2576 1188 2749 1265 quod

355 1292 436 1355 de
507 1290 685 1356 nullo
754 1291 1246 1372 praedictorum
1315 1310 1582 1357 suorum
1652 1292 1974 1373 principe,
2044 1294 2315 1373 barone,
2384 1290 2749 1372 terrigena,

353 1394 631 1477 vasa110,
677 1394 906 1479 milite,
952 1396 1196 1463 cliento
1244 1397 1355 1461 vel
1401 1396 1688 1479 subdite,
1734 1396 2195 1462 ecclesiastico
2253 1396 2361 1461 vel
2394 1393 2753 1476 saeculari,

351 1499 680 1565 adversus
705 1498 888 1580 ipsos
914 1518 1032 1566 nos
1059 1519 1346 1580 unquam
1372 1501 1913 1581 intromittemuS‚
1950 1519 2072 1567 nec
2104 1519 2223 1582 pro
2255 1498 2389 1565 illis
2422 1498 2747 1564 stabimus

353 1602 442 1667 ad
488 1604 1021 1683 respondendum
1067 1622 1186 1669 seu
1231 1604 1629 1687 litigandum
1677 1624 1795 1686 pro
1844 1604 1962 1687 eiS,
2018 1606 2127 1669 vel
2172 1604 2353 1685 ipsos
2401 1604 2747 1681 quomodo·

351 1704 522 1770 libet
553 1706 1054 1774 defendendum.
1102 1706 1306 1789 Sique
1339 1710 1422 1775 de
1455 1708 1679 1788 aliquo
1712 1710 2071 1774 eorundem
2104 1726 2223 1773 nos
2243 1705 2385 1788 jam
2417 1706 2747 1772 hactenus

354 1810 788 1889 quovismodo
877 1812 1487 1894 intromisissemuS,
1575 1814 1659 1877 ab
1750 1812 1874 1877 hoc
1956 1810 2336 1877 immediate
2418 1809 2747 1876 desistere

353 1914 657 1980 volumus
706 1922 775 1979 et
822 1917 1154 1998 debemuS,
1215 1917 1743 1995 quandocunque
1800 1932 2004 1996 super
2062 1914 2189 1980 hoc
2251 1932 2369 1995 per
2415 1913 2746 1980 dominum

352 2022 654 2083 nostrum
715 2018 1184 2101 imperatorem
1245 2019 1352 2085 vel
1414 2018 1747 2085 dominum
1812 2017 2275 2099 marchionem,
2350 2016 2744 2084 avunculum

354 2128 676 2205 nostrum,
719 2120 1036 2211 fuerimus
1083 2122 1412 2203 requisiti.

563 2224 644 2290 In
693 2228 883 2293 cuius
931 2276 947 2293 .
992 2277 1006 2291 .
1053 2278 1066 2293 .

564 2364 812 2430 Datum
880 2364 1238 2448 Nurnberg
1299 2384 1356 2430 a.
1421 2365 1501 2429 D.
1576 2370 1762 2447 1360,
1835 2364 1904 2429 in
1969 2364 2079 2431 die
2144 2367 2423 2429 sanctae
2490 2360 2743 2427 Luciae

357 2466 541 2552 Virg.
589 2469 848 2537 beatae.

563 2606 684 2691 (A.
717 2605 812 2676 K.
843 2643 920 2655 —·
947 2605 1226 2670 Goldast
1259 2606 1436 2674 LIII.
1461 2643 1550 2657 —
1573 2606 1785 2672 Pelzel
1816 2607 1889 2670 K.
1920 2605 2087 2670 Karl
2109 2606 2219 2674 IV.
2243 2630 2304 2673 π.
2340 2604 2635 2672 CCLXX.
2660 2641 2747 2656 -

355 2709 620 2774 Brandl
666 2711 778 2774 IX.
833 2711 1008 2788 211.)
2160 2759 2168 2766 .

561 2957 714 3022 485.
784 2952 968 3039 Imp.
1039 2952 1362 3023 Carolus
1431 2953 1556 3022 IV.
1619 2952 1973 3022 Boemiae
2032 2971 2171 3021 rex
2233 2955 2311 3020 et
2354 2951 2744 3022 Johannes

353 3057 695 3127 marchio
755 3055 1143 3126 Moraviae
1203 3055 1294 3124 de
1355 3078 1504 3126 non
1567 3054 2028 3142 recipiendis
2090 3053 2424 3125 subditis
2470 3054 2745 3124 ducum

353 3161 744 3231 Austriae.

790 3267 986 3350 1360,
1033 3267 1142 3334 13.
1189 3263 1655 3334 Decembris.
1705 3261 2307 3350 (Normbergae.)

565 3402 940 3490 (Conteoems
987 3405 1255 3467 mutatis
1299 3403 1630 3467 mutandis
1678 3403 1847 3467 idem
1893 3409 1964 3464 ut
2010 3403 2081 3464 in
2137 3399 2491 3484 diplomate
2540 3421 2743 3484 prae-

353 3509 618 3573 cedenti.
665 3545 752 3557 —
805 3507 1060 3570 Brandl
1105 3507 1218 3576 IX.
1267 3507 1440 3591 210.)

560 3753 713 3820 486.
759 3747 1210 3836 Rudolphus
1243 3749 1400 3818 dux
1431 3749 1797 3818 Austriae
1841 3747 1933 3817 de
1980 3747 2023 3816 J
2033 3747 2299 3818 udaeis
2346 3767 2387 3817 e
2436 3746 2745 3818 Boemia

353 3858 434 3924 et
481 3852 825 3924 Mor-avia
870 3873 1019 3922 non
1063 3852 1550 3940 recipiendis.

1123 3977 1319 4044 1360.
1369 3976 1474 4044 13.
1524 3975 1987 4045 Decembris,

562 4116 711 4182 Wir
773 4115 1046 4182 Rudolff
1097 4135 1157 4182 v.
1207 4115 1283 4183 G.
1333 4136 1392 4199 g.
1454 4117 1741 4200 hertzog
1802 4134 1879 4182 ze
1938 4114 2346 4197 Osterreich,
2407 4133 2483 4178 ze
2544 4111 2748 4194 Steyr

348 4222 488 4286 und
535 4239 612 4285 ze
657 4219 975 4286 Kernden
1021 4225 1146 4286 etc.
1192 4220 1582 4285 'bechenneu
1627 4222 1761 4286 und
1809 4224 1932 4286 tun
1978 4220 2188 4287 chunt
2251 4217 2559 4284 offenlich
2618 4215 2739 4281 mit·

353 4324 564 4391 disem
613 4322 791 4390 brief
827 4325 1004 4390 allen
1052 4325 1199 4406 den,
1255 4322 1362 4388 die
1409 4323 1478 4388 in
1525 4322 1764 4388 sehent
1826 4326 1989 4390 oder
2049 4327 2289 4390 horent
2347 4323 2556 4404 lesen,
2618 4322 2741 4386 daz
