3288 4973
1300 376 1682 436 -157—

496 578 649 643 144.
718 574 1141 644 Promissio
1193 574 1593 659 BolkoniS,
1644 573 1936 645 Slesiae
1983 573 2202 643 ducis
2249 574 2679 661 dominique

308 674 368 744 in
422 678 1025 765 Monstra-berch,
1074 679 1166 749 de
1210 679 1646 769 juramento
1711 678 2109 749 fidelitatis
2171 678 2342 765 regi
2399 678 2450 749 J
2451 678 2679 765 oanni

307 800 411 865 per
468 781 825 882 civitates
870 784 1355 872 praestando.

1123 910 1317 994 1337,
1372 912 1479 977 10.
1528 908 1844 978 Januar.

484 1044 615 1098 List
650 1046 830 1099 Bolka
864 1045 1124 1099 knietete
1163 1045 1710 1117 Mynsterberskeho,
1748 1050 1815 1101 ze
1841 1046 2049 1113 vseoky
2077 1059 2216 1113 syuy
2245 1060 2278 1097 a
2303 1058 2466 1112 many
2492 1044 2674 1097 mesta

308 1130 334 1182 k
363 1138 511 1186 tomu
548 1132 846 1201 pfipmviti
884 1132 1033 1201 chee,
1074 1137 1139 1187 ze
1175 1134 1311 1202 maji
1347 1133 1455 1187 slib
1478 1148 1513 1189 a
1537 1134 1766 1201 piisahu
1791 1132 1988 1188 uciniti
2015 1132 2161 1186 krali
2187 1131 2388 1187 Janovi
2416 1130 2672 1184 ceskemu

309 1216 323 1267 i
346 1218 463 1285 jeho
504 1219 781 1273 buddcim.
824 1221 973 1273 1337.
1013 1219 1111 1289 (A.
1156 1219 1253 1288 K.)

482 1342 629 1409 Nos
673 1341 885 1409 Bolko
932 1342 1008 1410 D.
1060 1362 1157 1425 gr.
1205 1341 1460 1408 Slesiae
1507 1345 1658 1425 dux,
1707 1342 2007 1407 dominus
2054 1342 2123 1407 in
2153 1340 2650 1407 Munstirberch

302 1446 723 1524 promittimus
769 1448 942 1513 bona
986 1448 1117 1513 fide
1156 1446 1437 1513 firmiter
1480 1452 1551 1512 et
1590 1448 1990 1529 spondemus
2023 1446 2246 1511 facere
2281 1452 2351 1509 et
2385 1444 2666 1525 efficere,

303 1552 445 1627 quod
494 1551 727 1617 fideles
774 1549 1005 1633 nostri,
1052 1569 1277 1616 omnes
1324 1556 1395 1616 et
1440 1550 1702 1635 singuli,
1749 1550 1992 1616 vasalli
2039 1554 2109 1615 et
2153 1547 2472 1629 feudales,
2508 1547 2667 1613 civi-

303 1662 621 1735 tatumque
682 1662 1062 1721 nostrarum
1125 1656 1309 1722 cives
1360 1654 1518 1722 hinc
1562 1654 1744 1720 intra
1787 1652 2028 1721 festum
2079 1652 2560 1735 purificationis
2607 1654 2666 1717 b.

304 1756 532 1826 Mariae
600 1760 677 1827 V.
742 1760 1041 1842 proxime
1115 1765 1467 1827 venturum
1535 1759 1962 1827 serenissimo
2031 1757 2336 1841 principi,
2407 1756 2668 1821 domino

302 1868 523 1947 nostre,
568 1866 629 1931 d.
675 1864 923 1931 Joanni
965 1864 1041 1929 B.
1087 1864 1225 1947 regi
1274 1870 1344 1930 et
1389 1864 1529 1930 suis
1576 1863 2090 1943 successoribus
2141 1862 2214 1929 B.
2262 1862 2548 1943 regibus,
2595 1860 2663 1925 in

300 1984 500 2035 manus
548 1968 758 2050 ipsius
803 1970 987 2053 regis
1032 1970 1143 2035 vel
1188 1969 1466 2036 alterius
1514 1986 1858 2051 personae,
1905 1984 2100 2047 quam
2147 1968 2234 2031 ad
2279 1966 2403 2030 hoc
2451 1964 2664 2045 speci-

303 2070 475 2139 aliter
539 2073 985 2157 deputaverit,
1046 2071 1391 2139 fidelitatis
1452 2077 1522 2138 et
1582 2070 2004 2137 obedientiae
2069 2068 2357 2135 fideliter
2415 2067 2668 2133 facient

297 2174 733 2253 juramentum.

480 2280 938 2347 Promittimus
1006 2280 1205 2346 etiam
1274 2279 1534 2345 sincero
1604 2296 1806 2344 sensu
1877 2284 1950 2343 et
2016 2276 2416 2360 pollicemur,
2484 2275 2664 2341 intra

301 2384 643 2461 praefatum
690 2385 931 2451 festum
995 2383 1479 2465 purificationis
1526 2400 1760 2449 curare
1809 2388 1879 2448 et
1924 2384 2012 2448 ad
2057 2381 2361 2449 effectum
2424 2382 2662 2462 perdu-

301 2504 429 2554 cere
470 2490 779 2572 finaliter,
810 2491 985 2569 qnod
1016 2486 1306 2572 praefati
1336 2485 1577 2556 vasalli
1610 2486 1826 2553 nostri
1859 2493 1928 2552 et
1959 2488 2251 2570 ipsarum
2284 2491 2660 2551 nostrarum

298 2591 613 2661 civitatum
692 2594 876 2660 cives
944 2593 1179 2660 literas
1250 2598 1537 2676 nostraS,
1606 2591 1845 2672 quibus
1909 2592 2279 2673 homagium
2353 2590 2659 2671 praerato

298 2695 527 2764 domino
590 2697 739 2782 regi
806 2702 875 2762 et
942 2697 1081 2762 suis
1150 2697 1649 2764 successoribus
1697 2697 1764 2761 in
1819 2695 2110 2762 veritate
2180 2693 2658 2778 praestitimus,

298 2805 497 2868 nostro
540 2803 830 2868 munitas
878 2801 1116 2885 sigillo,
1163 2801 1301 2867 suis
1364 2801 1756 2884 sigillabunt
1815 2799 2077 2883 sigilliS,
2140 2797 2540 2864 difficultate
2585 2802 2656 2863 et

300 2902 581 2972 dilatione
627 2905 1039 2988 quibuslibet
1085 2907 1314 2987 procul
1360 2905 1579 2969 motis.

476 3009 551 3075 In
598 3029 875 3091 quorum
921 3015 1047 3075 etc.

479 3149 717 3216 Datum
764 3149 1262 3232 Wratislaviae,
1330 3147 1501 3214 feria
1549 3147 1662 3214 VI.
1709 3152 1860 3230 post
1907 3146 2329 3228 epiphaniam
2386 3145 2650 3211 Domini

304 3263 348 3309 a.
390 3268 435 3315 c.
482 3260 656 3320 1337.

476 3389 588 3474 (Α.
635 3391 729 3461 Κ.
776 3429 863 3440 —-
910 3391 1303 3476 Griinhayen
1348 3389 1436 3456 ΙΙ.
1485 3391 1629 3456 132.
1679 3425 1756 3438 -—
1807 3388 1967 3453 Eml.
2019 3387 2126 3455 IV.
2171 3389 2351 3471 381.)

474 3636 616 3704 145.
686 3635 1022 3705 Joannes
1091 3654 1227 3702 rex
1296 3633 1610 3704 Nicolao
1680 3632 1856 3701 duci
1919 3631 2252 3719 Opaviae
2299 3632 2377 3698 et
2438 3629 2646 3700 Rati-

302 3725 543 3826 boriae,
588 3740 943 3810 ducatum
991 3738 1603 3808 Ratiboriensem
1651 3737 2065 3807 confirmat.

1089 3881 1283 3966 1337,
1340 3882 1449 3948 14.
1498 3878 1549 3948 J
1553 3897 1817 3948 anuar.

468 4013 547 4083 In
590 4018 847 4086 nomine
903 4023 1179 4083 sanctae
1227 4021 1297 4083 et
1348 4016 1733 4084 individuae
1797 4014 2152 4082 Trinitatis
2217 4034 2425 4082 amen.
2487 4015 2646 4080 Cum

299 4109 365 4173 ab
426 4123 678 4188 arcanis
753 4124 1077 4187 humanae
1153 4121 1505 4187 memoriae
1574 4121 1796 4186 causis
1867 4123 1938 4184 et
2013 4119 2280 4185 casibus
2358 4118 2643 4184 diversis

302 4217 356 4275 et
416 4225 874 4310 multiplicibus
970 4225 1356 4308 plerumque
1434 4224 1770 4305 excidant,
1856 4241 2026 4302 quae
2100 4225 2168 4288 in
2243 4220 2648 4288 tractatibus

303 4331 367 4380 ac
414 4331 903 4402 quaestionibus
970 4336 1281 4413 aguntur,
1346 4347 1709 4410 congruum
1777 4347 2143 4412 censemuS,
2205 4327 2448 4392 rationi
2495 4345 2646 4392 con-
