3288 4973
1435 430 1831 495 —435—

424 620 726 688 tudinem
751 626 838 691 ad
861 625 986 691 hoc
1013 633 1544 712 prosequendum
1567 634 2067 704 rationabiliter
2092 639 2521 725 inducebant,
2554 650 2827 729 recepto

423 728 509 791 ab
556 729 786 794 eodem
831 730 1128 799 Henrico
1194 740 1264 801 et
1322 736 1618 806 Henrico
1678 739 2005 807 fratribus
2064 743 2438 829 fidelitatis,
2498 752 2573 814 ut
2629 767 2821 831 prae-

415 832 728 907 mittitur.
771 840 842 901 et
885 836 1178 920 homagii
1213 838 1593 921 juramento
1639 844 1837 910 solito
1886 851 1956 911 et
2001 846 2281 932 solenni,
2316 852 2519 917 tactis
2550 871 2674 935 per
2708 872 2819 921 eos

415 938 673 1005 sanctis
719 942 1112 1027 evangeliis,
1172 944 1304 1026 ipsi
1351 946 1611 1013 domino
1658 955 1891 1015 nostro
1939 950 2343 1033 Imperatori
2403 960 2475 1021 et
2537 957 2684 1041 regi
2744 958 2821 1029 B.

413 1042 597 1125 ipsos
646 1046 732 1111 de
775 1054 1139 1113 memorato
1186 1048 1386 1115 feudo
1431 1050 1773 1135 adhibitis,
1820 1052 2069 1121 debitis
2102 1066 2173 1121 et
2207 1059 2551 1127 consuetis
2582 1060 2816 1129 solem-

411 1148 738 1216 nitatibus
806 1150 1194 1236 investivit3
1266 1152 1595 1235 imperiali
1665 1162 1992 1238 perpetuo
2056 1159 2349 1227 valituro
2398 1164 2813 1246 temporibus

409 1255 780 1321 decernens
828 1256 1069 1341 edicto,
1123 1263 1200 1324 ut
1245 1259 1578 1340 praedicti
1609 1260 1948 1329 Henricus
1982 1268 2052 1329 et
2084 1264 2425 1334 Henricus
2456 1267 2706 1337 fratres
2738 1278 2809 1339 et

405 1378 628 1426 eorum
653 1360 723 1425 in
753 1360 952 1427 fendo
977 1380 1097 1429 seu
1123 1362 1364 1445 oppido
1396 1370 1470 1432 et
1499 1364 1694 1432 bonis
1728 1369 2213 1455 suprascriptis
2248 1372 2530 1439 heredes
2563 1380 2635 1440 et
2658 1394 2805 1443 suc-

403 1482 726 1549 cessores,
749 1484 1013 1533 exnunc
1037 1467 1312 1534 inantea
1337 1468 1442 1535 sui
1467 1473 1787 1550 tanquam
1813 1473 1993 1555 regis
2019 1472 2093 1539 B.
2112 1479 2185 1539 et
2209 1493 2495 1543 coronae
2513 1480 2705 1562 regni
2722 1498 2801 1547 ac

397 1586 860 1636 successorum
906 1588 1193 1654 suorum,
1243 1572 1312 1643 Β.
1355 1590 1604 1657 regum,
1649 1575 1893 1641 vasalli
1940 1582 2017 1643 et
2058 1577 2363 1645 feudales
2397 1588 2801 1653 censeantur

398 1680 468 1741 et
513 1674 686 1756 sint;
732 1677 1045 1758 oppidum
1091 1694 1354 1757 quoque
1403 1684 1472 1744 et
1518 1680 1695 1745 bona
1742 1682 1963 1747 omnia
2008 1682 2403 1763 supradicta
2450 1703 2569 1767 per
2614 1687 2795 1770 ipsos

393 1782 480 1846 ab
552 1782 782 1846 eodem
853 1779 1116 1848 domino
1182 1790 1434 1863 nostro,
1500 1785 1562 1850 d.
1631 1784 2050 1865 Imperatore
2094 1792 2170 1853 ut
2215 1806 2257 1853 a
2309 1807 2471 1874 rege
2516 1790 2592 1857 B.
2636 1796 2711 1860 et
2754 1812 2795 1859 a

393 1903 642 1952 corona
687 1892 760 1952 et
804 1888 1304 1956 successoribus
1351 1888 1510 1972 suis,
1556 1889 1833 1973 regibus
1867 1890 1941 1955 B.
1974 1891 2379 1977 memoratis„
2413 1896 2791 1975 dependere

392 1995 795 2057 censeantur
837 1992 910 2058 in
953 1990 1239 2077 feudum,
1285 1994 1697 2075 realiterque
1743 1995 2128 2077 dependant
2173 2004 2245 2062 et
2275 2002 2590 2079 tanquam
2622 2000 2787 2069 talia

387 2098 470 2163 ab
515 2095 662 2177 ipso
711 2101 781 2162 et
819 2099 904 2164 ab
950 2098 1100 2179 ipsa
1145 2118 1392 2165 corona
1437 2105 1509 2164 et
1553 2100 2055 2167 successoribus
2102 2101 2291 2183 regni
2339 2101 2413 2167 B.
2460 2110 2782 2185 perpetuo

382 2208 780 2282 teneantur3
826 2200 1003 2269 idem
1047 2203 1346 2270 dominus
1379 2210 1613 2271 noster
1643 2210 1715 2271 et
1748 2222 1995 2271 corona
2026 2210 2097 2271 et
2130 2223 2554 2275 successores
2587 2228 2777 2290 prae-

381 2306 564 2390 dicti,
610 2326 808 2392 roges
856 2306 949 2389 B.,
996 2310 1170 2376 omni
1209 2311 1382 2393 jnre,
1427 2308 1810 2391 eminentia,
1857 2309 2335 2391 superior-itate
2370 2316 2439 2377 et
2470 2312 2774 2397 dominio,

377 2414 553 2494 quod
599 2420 670 2479 et
699 2430 874 2496 quae
910 2433 1089 2498 vero,
1121 2414 1418 2498 legitimo
1449 2432 1531 2481 ac
1563 2413 1901 2481 ordinario
1931 2414 2113 2482 feudi
2147 2414 2406 2482 domino
2438 2416 2509 2482 in
2538 2416 2771 2485 feuda-

373 2519 548 2586 libus
595 2529 666 2586 et
712 2519 988 2588 vasallis
1045 2525 1114 2586 et
1160 2538 1386 2588 eorum
1447 2520 1668 2587 feudis
1732 2522 1814 2586 de
1853 2522 2005 2604 jnre
2068 2525 2139 2588 et
2199 2539 2379 2588 more
2440 2523 2551 2590 vel
2611 2541 2764 2592 con·

371 2626 730 2692 suetudine
779 2624 1116 2707 competit,
1161 2624 1552 2692 inconvulse
1614 2632 1686 2691 et
1746 2624 2270 2708 immutabiliter,
2330 2633 2655 2708 perpetuo
2698 2635 2769 2695 et

371 2732 624 2812 absque
672 2731 908 2811 quovis
954 2729 1425 2811 impedimento
1472 2731 1812 2811 gaudeant
1859 2735 1929 2794 et
1972 2729 2301 2796 fruantur.

577 2835 870 2915 Cumque
915 2835 1206 2920 praefati
1253 2832 1586 2901 Henricus
1635 2840 1706 2899 et
1751 2834 2087 2900 Henricus
2126 2833 2378 2901 fratres
2413 2837 2494 2902 de
2524 2854 2759 2903 memo·

367 2943 534 3008 ratis
582 2939 857 3023 oppido,
895 2941 1086 3008 bonis
1153 2946 1224 3006 et
1285 2937 1715 3019 pertinentiis
1786 2945 2105 3018 tanquam
2176 2957 2335 3005 vero
2405 2937 2603 3007 feudo
2672 2943 2755 3008 ab

361 3047 508 3128 ipso
553 3047 813 3112 domino
857 3051 1090 3112 nostro
1135 3044 1552 3126 Imperatore
1585 3048 1661 3109 ut
1704 3061 1744 3108 a
1785 3061 1941 3124 rege
1973 3061 2307 3124 regnoque
2339 3049 2409 3108 et
2438 3062 2479 3108 a
2510 3062 2755 3110 corona

360 3153 434 3218 B.
477 3151 770 3234 legitime
817 3151 1254 3234 dependente,
1302 3149 1430 3214 sibi
1475 3155 1790 3228 tanquam
1852 3147 2024 3228 regi·
2066 3145 2151 3230 B,
2198 3147 2508 3230 naturali,
2556 3150 2745 3216 here-

359 3256 605 3323 ditario
650 3262 722 3323 et
751 3254 1088 3322 ordinario
1122 3254 1383 3320 domino
1418 3272 1552 3336 suc,
1587 3252 1765 3318 sicut
1796 3251 2272 3334 praemittitur,
2306 3252 2747 3340 obedientiae,

357 3359 639 3444 homagii
717 3367 788 3428 et
861 3358 1296 3444 subJectionis
1372 3357 1640 3425 debitae
1718 3355 2211 3440 praestiterunt
2276 3357 2743 3442 juramentum,

351 3471 712 3532 teneantur
779 3464 983 3532 etiam
1045 3469 1113 3530 et
1176 3465 1471 3530 debeant
1533 3462 1818 3528 heredes
1888 3467 1958 3526 et
2024 3477 2448 3527 successores
2517 3480 2739 3530 eorum

347 3576 692 3654 perpetue,
739 3571 891 3637 dum
939 3576 1010 3636 et
1054 3569 1316 3650 quoties
1348 3585 1546 3633 casus
1581 3565 1949 3648 emerserit,
1982 3565 2162 3632 dicto
2195 3565 2455 3632 domino
2488 3574 2739 3652 nostr0,

347 3676 702 3743 heredibus
749 3679 821 3742 et
867 3673 1361 3743 successoribus
1410 3671 1570 3752 eiuS,
1623 3671 1699 3737 B.
1755 3671 2023 3752 regibus
2078 3674 2147 3734 et
2195 3669 2489 3736 eiusdem
2543 3673 2735 3755 regni

343 3798 642 3862 coronae,
694 3786 1044 3861 praestare
1092 3783 1162 3845 et
1205 3777 1432 3843 facere
1478 3773 1851 3842 consimilia
1884 3774 2295 3858 juramenta3
2343 3775 2464 3839 sub
2499 3777 2729 3856 poenis

337 3883 659 3966 omnibus
718 3897 889 3964 quae
951 3881 1351 3950 vasallorum
1411 3879 1838 3964 negligentiis
1906 3879 1976 3944 in
2043 3877 2341 3944 eiusdem
2399 3880 2593 3964 regni
2653 3881 2727 3948 B.

335 3987 709 4072 privilegiis
753 3987 1160 4071 infliguntur.
1208 3986 1507 4052 Feudum
1555 3985 1760 4050 etiam
1799 3985 2212 4065 praedwtum
2244 4001 2391 4050 cum
2423 3985 2723 4052 omnibus

333 4094 417 4160 ab
489 4111 568 4160 eo
635 4091 1186 4175 dependentibus,
1256 4091 1376 4156 sub
1441 4089 1745 4156 omnibus
1806 4087 2313 4170 conditionibus,
2383 4088 2591 4154 modis
2654 4097 2723 4157 et

327 4199 684 4266 verborum
745 4196 1303 4279 expressionibus
1364 4195 1565 4262 sicuti
1624 4193 2101 4276 praemittitur,
2167 4192 2347 4258 dicto
2392 4212 2597 4275 regno
2644 4193 2723 4263 B.

327 4311 400 4368 et
459 4301 674 4385 ipsius
733 4301 921 4384 regni
985 4317 1270 4367 coronae
1329 4299 1400 4367 in
1459 4305 1856 4382 perpetuum
1918 4297 2324 4364 auctoritate
2386 4298 2717 4379 imperiali

327 4425 532 4489 saepe
577 4407 799 4473 dictus
847 4405 1146 4472 domiuus
1194 4410 1440 4488 noster,
1489 4403 1790 4470 dominus
1823 4404 2203 4485 imperator,
2236 4402 2321 4468 de
2352 4401 2714 4482 imperialis

2406 4523 2505 4578 28*
