3288 4973
1342 384 1731 446 -151—

366 584 665 669 volentes,
710 606 793 653 ne
838 588 1043 653 etiam
1090 606 1211 669 per
1241 588 1664 655 donationem
1697 592 1924 654 terrae
1947 589 2088 671 jam
2123 586 2508 669 praedictae
2540 586 2729 653 nobis

363 686 593 757 factam
636 692 783 772 ipse
828 694 997 757 dom.
1057 710 1179 758 rex
1239 694 1311 757 B.
1372 692 1441 758 in
1502 693 2000 773 quibuscunque
2065 693 2285 758 causis
2351 690 2733 771 aliqualiter

362 795 717 878 seducatur,
786 796 1020 862 harum
1088 794 1262 863 serie
1330 796 1778 879 promittimus
1846 796 2126 862 firmiter
2191 800 2262 860 et
2321 796 2582 861 sincere
2649 812 2729 860 ac

361 897 543 965 etiam
589 901 875 985 astringi
922 901 1243 985 volumuS,
1290 903 1463 981 quod
1518 902 1734 983 ipsum
1799 903 1964 967 dom.
2027 918 2250 981 regem
2312 904 2380 966 et
2441 918 2594 965 suos
2662 900 2728 965 in

360 1001 585 1070 dictam
650 1003 995 1071 civitatem
1058 1004 1449 1087 Glogoviam
1511 1010 1581 1071 et
1640 1011 1884 1084 castra,
1945 1005 2190 1087 oppida
2251 1008 2320 1069 et
2373 1001 2727 1087 fortalicia,

358 1108 907 1190 quotienscunque
939 1114 1009 1175 et
1042 1110 1563 1193 quandocunque
1594 1114 2036 1192 opportunum
2067 1108 2289 1189 fuerit,
2323 1108 2464 1173 sine
2500 1113 2725 1173 tamen

357 1216 567 1279 nostro
613 1232 693 1281 ac
737 1218 1115 1279 nostrorum
1158 1212 1571 1297 praejudicio
1618 1218 1688 1281 et
1733 1210 2120 1294 gravamine
2153 1216 2222 1277 et
2263 1217 2474 1295 extra,
2509 1210 2726 1277 dimit-

354 1320 479 1383 tere
528 1318 972 1398 promittimus
1028 1322 1099 1383 et
1159 1320 1580 1401 spondemus,
1641 1316 2071 1383 nihilominus
2131 1318 2346 1398 ipsum
2393 1318 2450 1381 d.
2499 1335 2724 1398 regem

354 1542 481 1591 cum
558 1524 924 1607 praedictis
992 1526 1421 1593 firmitatibus
1490 1532 1560 1593 et
1636 1526 1887 1592 nostris
1955 1524 2210 1593 viribus
2276 1524 2724 1606 promittimus

352 1627 673 1710 adiuvare.

538 1736 619 1800 In
668 1733 858 1816 cuius
904 1735 1006 1799 rei
1052 1785 1065 1799 .
1114 1787 1126 1801 .
1175 1787 1186 1798 .

534 1874 685 1940 Act.
717 1878 788 1965 et
817 1874 953 1938 dat.
988 1872 1468 1939 Wratislaviae
1500 1894 1556 1938 a.
1584 1872 1660 1939 D.
1691 1878 1853 1940 1337
1889 1873 1960 1939 in
1992 1877 2234 1939 octava
2264 1872 2722 1939 Innocentum.

532 2011 656 2097 (A.
702 2010 799 2081 K.
847 2048 933 2059 —
978 2009 1372 2097 Grimhaqen
1418 2010 1469 2077 I.
1516 2012 1663 2077 144.
1712 2049 1798 2059 —
1843 2009 2009 2077 Eml.
2057 2010 2170 2080 IV.
2215 2009 2392 2095 368.)

530 2248 684 2315 138.
732 2244 1103 2314 Henricus
1150 2246 1305 2315 dux
1348 2244 1664 2331 Slesiae,
1699 2243 2046 2315 dominus
2080 2243 2161 2314 in
2190 2245 2716 2331 Fui-stenherg

346 2350 413 2414 et
476 2348 523 2417 J
529 2369 739 2434 avor,
785 2348 1137 2419 unionem
1212 2349 1359 2419 init
1429 2368 1593 2418 cum
1666 2350 1960 2419 Joanne
2031 2369 2215 2436 rege
2290 2353 2368 2419 et
2437 2349 2711 2420 Cal-olo

346 2452 773 2524 marchione.

1239 2543 1432 2626 1337,
1496 2545 1559 2610 6.
1618 2541 1670 2611 J
1674 2561 1790 2611 an.

530 2683 665 2748 Nos
698 2681 1059 2750 Heinricus
1090 2683 1167 2746 Ι).
1200 2703 1296 2766 gr.
1329 2685 1461 2748 dux
1489 2683 1767 2766 Sleziae,
1791 2683 2092 2749 dominus
2117 2683 2202 2750 de
2224 2685 2710 2774 Fui-stemberg

345 2787 405 2846 et
417 2783 480 2850 in
502 2787 749 2871 Jawer,
774 2789 861 2852 ad
879 2786 1341 2854 universorum
1358 2788 1666 2854 notitiam
1687 2793 1917 2854 tenore
1935 2790 2707 2881 praesentiumvolumus

342 2891 688 2973 pervenire,
735 2891 925 2972 quod,
972 2891 1129 2971 quia
1174 2910 1323 2958 cum
1370 2891 1744 2960 illustribus
1779 2893 2208 2977 principibuS,
2243 2897 2409 2962 dom.
2441 2900 2705 2965 Joanne

344 2989 405 3054 B.
446 3013 591 3076 rege
638 3015 717 3062 ac
763 2995 1004 3061 comite
1052 2995 1125 3060 L.
1172 3014 1426 3064 necnon
1474 2997 1763 3080 Karolo„
1805 2998 2185 3064 marchione
2247 3001 2348 3082 M,
2411 3002 2705 3086 ejusdem

342 3097 499 3176 regis
541 3100 785 3166 domini
829 3100 1290 3183 primogenito,
1336 3101 1609 3168 sororiis
1657 3103 1902 3167 nostris
1949 3102 2336 3187 carissimis,
2377 3108 2463 3172 ad
2495 3108 2703 3188 pleni-

342 3213 501 3268 orem
545 3205 939 3272 concordiae
983 3205 1409 3286 pervenimus
1458 3206 1765 3272 unionem
1812 3211 1883 3272 et
1930 3207 2094 3273 talia
2141 3227 2288 3274 cum
2330 3209 2492 3291 ipsis
2527 3213 2703 3279 colli-

342 3303 602 3380 gationis
659 3308 1081 3376 introivimus
1129 3309 1419 3394 foedera,
1482 3313 1653 3390 quod
1709 3329 1828 3376 nos
1874 3311 2055 3392 ipsos
2103 3312 2170 3376 in
2218 3333 2418 3395 regno
2467 3318 2538 3381 Β.
2585 3336 2704 3384 seu

342 3409 503 3475 terra
562 3415 643 3479 M.
690 3413 971 3494 aliisque
1036 3413 1235 3480 terris
1298 3415 1592 3496 ipsorum
1657 3416 1974 3482 Poloniae
2046 3436 2192 3482 cum
2261 3423 2406 3484 tota
2473 3428 2704 3488 nostra

340 3517 630 3601 potentia,
679 3519 987 3598 quotiens
1033 3522 1102 3582 et
1148 3521 1409 3599 quando
1457 3521 1556 3585 eis
1606 3539 1882 3587 necesse
1930 3521 2150 3598 fuerit,
2197 3523 2486 3590 fideliter
2517 3528 2700 3610 adju-

342 3630 483 3682 vare
543 3627 777 3690 contra
840 3623 1133 3705 ipsorum
1195 3625 1621 3692 adversarios
1685 3627 1780 3691 eis
1842 3626 2148 3709 injuriari
2213 3629 2533 3713 volentes,
2581 3635 2702 3698 sub

340 3726 597 3802 propriis
650 3727 903 3794 nostris
964 3727 1327 3811 dispendiis
1392 3731 1770 3814 debeamuS,
1834 3732 1965 3813 ipsi
2023 3750 2183 3798 vero
2253 3733 2321 3798 in
2389 3736 2701 3817 expensis

340 3824 503 3894 nobis
546 3837 703 3899 tunc
750 3832 1103 3914 providere
1150 3836 1574 3900 tenebuntur.

522 3935 585 4001 Si
634 3941 859 4004 autem
904 3937 974 4004 in
1020 3939 1345 4006 dictorum
1403 3941 1814 4008 dominorum
1873 3940 2209 4022 obsequiis
2270 3962 2418 4008 cum
2477 3943 2698 4027 aliquo

339 4031 555 4106 rebelle
601 4043 713 4108 vel
754 4042 1117 4109 rebellibus
1150 4044 1446 4126 ipsorum
1479 4045 1724 4112 bellum
1755 4052 2128 4128 campestre
2162 4047 2232 4112 in
2263 4048 2461 4113 dictis
2495 4051 2698 4114 terris

336 4146 533 4208 eorum
576 4145 935 4230 inierimuS,
983 4149 1243 4232 damna,
1289 4168 1460 4229 quae
1508 4169 1627 4215 nos
1657 4153 1992 4218 sustinere
2025 4153 2472 4235 contingeret,
2506 4155 2694 4221 nobis

336 4249 631 4316 resarcire
678 4257 837 4317 sunt
881 4252 1163 4336 astricti,
1211 4255 1327 4319 sed
1376 4256 1459 4318 ad
1508 4274 1620 4321 eos
1665 4255 1868 4339 lucra,
1901 4275 2070 4336 quae
2105 4257 2701 4343 reportaverimus,

340 4347 760 4422 pertinebunt.
