3288 4973
1487 286 1879 345 —608-

617 484 1059 557 Lusicensis
1109 484 1471 555 marchia.

477 645 628 696 1319.
685 642 1055 697 Renuntiatio
1081 642 1306 711 jurium.

475 732 629 783 -48.
685 729 1077 783 Woltlemarus
1167 730 1472 783 marchiam
1559 732 1620 785 L.

687 816 886 869 Carolo
924 815 1048 884 regi
1075 816 1308 869 confert.

549 934 614 941 —
687 902 1078 957 Woldemarus
1121 904 1370 973 injungit
1407 906 1624 977 incolis,

691 998 756 1043 ut
807 990 1124 1057 homagium
1175 1000 1469 1056 praestent
1519 994 1622 1047 Ca·

691 1078 824 1130 rolo.

551 1194 615 1201 —-
691 1166 826 1217 Otto
859 1164 1010 1216 arch.
1037 1165 1296 1233 Magdeb.
1335 1164 1624 1221 Lusatiam

691 1251 748 1303 in
786 1251 1012 1304 feudum
1051 1252 1270 1305 confert
1311 1254 1526 1307 carolo.

479 1338 631 1389 —51.
687 1336 899 1391 Terrae
973 1338 1295 1392 Lusicensis
1357 1342 1624 1411 oppigno-

684 1426 833 1476 ratio
857 1440 956 1491 pro
983 1424 1223 1491 Ruperti
1242 1426 1362 1495 jun.
1391 1446 1420 1481 e
1446 1432 1624 1495 capti—

689 1512 869 1565 vitate
910 1512 1264 1565 exsolvendo,

483 1602 636 1653 -63,
693 1598 1002 1653 Conventio
1053 1616 1175 1653 cum
1213 1602 1626 1659 marchionibus

696 1686 1121 1755 Brandenburg.
1159 1703 1328 1753 super
1381 1692 1632 1745 marchia

695 1772 1004 1825 Lusicensi.

698 1859 1035 1913 Reversales
1083 1862 1280 1917 ducum
1335 1864 1631 1937 Saxoniae‚

697 1948 1146 2015 lantgraviorum
1232 1950 1489 2023 Thuring
1573 1962 1633 2009 et

693 2034 1074 2089 marchionum
1123 2036 1329 2092 Brand.
1369 2041 1436 2093 de
1477 2047 1633 2095 terra

698 2121 1008 2174 Lusicensi.

559 2238 624 2247 -·
695 2208 1032 2276 Recognitio
1064 2210 1363 2266 civitatum
1389 2215 1457 2267 de
1485 2230 1631 2282 emp—

695 2295 850 2348 tione
935 2298 1258 2353 venditione
1347 2302 1633 2357 marchiae

703 2382 996 2436 Lusatiae.

632 2511 641 2521 .
703 2469 992 2523 Attestum
1005 2471 1248 2538 archiep.
1265 2474 1633 2548 Magdeburg.

633 2597 642 2607 .
700 2555 926 2621 Emptio
1014 2559 1265 2613 venditio
1349 2565 1636 2618 marchiae

701 2642 1039 2711 Lusit-cusia
1107 2647 1266 2700 salvo
1319 2649 1447 2716 jure
1509 2652 1639 2706 duci

702 2729 1054 2784 Svidnicensi
1091 2741 1461 2799 competente.

637 2858 646 2866 .
701 2815 1026 2870 'Extraditio
1100 2821 1422 2877 litterarum
1493 2843 1638 2881 mar-

703 2902 884 2956 chiam
924 2903 986 2958 L.
1025 2909 1400 2976 tangentium.

635 3029 645 3042 .
701 2989 1014 3054 Aequisitio
1112 3003 1172 3046 et
1261 2997 1638 3064 incorporatio

705 3077 986 3130 marchiae
1027 3080 1093 3132 L.

639 3203 648 3213 .
707 3163 1033 3228 quittantia
1127 3169 1278 3222 arch.
1367 3179 1426 3224 et
1518 3187 1640 3238 cap.

706 3250 1060 3322 Magdeburg
1145 3271 1311 3322 super
1391 3259 1641 3323 pecuniis

707 3351 804 3400 pro
844 3338 1082 3393 husatia
1122 3343 1204 3393 cis
1244 3345 1459 3398 solutis.

708 3423 1008 3478 Promissio
1060 3428 1127 3480 de
1182 3437 1340 3484 terra
1403 3433 1644 3487 Lusatia

709 3509 1078 3568 defendenda.

488 1862 640 1913 —64.

597 3733 1089 3828 Luxemburg
1135 3743 1536 3831 (ducatus).

495 3893 642 3944 1348.
701 3893 782 3945 De
847 3898 1020 3951 certis
1083 3899 1238 3954 bonis
1300 3919 1422 3956 cum
1489 3907 1640 3959 arch.

696 3980 925 4036 Trever.
965 3989 1284 4041 conventio.

491 4088 642 4138 —49.
703 4086 924 4140 Domini
973 4089 1040 4142 de
1087 4091 1463 4164 Westerburg
1503 4097 1640 4150 obli-

713 4175 890 4241 gatio.

509 4279 660 4328 —53.
718 4275 1004 4335 Exsolutio
1042 4288 1424 4342 munitionum.

1672 499 1679 597 Ι
1732 488 1881 539 1354.
1940 486 2309 541 wenceslaus
2338 488 2521 539 frater
2550 486 2735 541 varoli
2760 486 2874 541 dux

1943 573 2001 625 L.
2042 572 2355 627 institutus.

1730 662 1883 711 -66,
1939 658 2271 713 Enuntiatio
2342 660 2663 713 wenceslai
2719 660 2875 713 ducis

1940 760 2106 811 super
2143 746 2438 799 ducatibus
2478 747 2610 801 suiS.

1730 899 2123 971 Mazoviae
2157 900 2481 971 ducatus
2506 906 2585 973 et
2606 901 2875 973 Plock.

1734 1028 1884 1079 1329.
1942 1025 2191 1078 Feudum
2216 1024 2497 1077 Boemiae.
2528 1056 2593 1063 —-
2622 1024 2701 1079 cf.
2726 1028 2877 1081 1339.

1732 1116 1884 1165 -41,
1942 1112 2245 1165 Promissio
2284 1112 2550 1180 homagii.

1732 1202 1885 1253 -51.
1944 1199 2218 1251 Henricus
2274 1198 2383 1251 dux
2434 1198 2703 1254 ducatum
2748 1200 2879 1254 Plo-

1940 1286 2198 1339 czentiae
2238 1285 2295 1339 in
2332 1286 2553 1339 feodum
2591 1288 2809 1353 recipit.

1732 1376 1886 1426 —53.
1944 1371 2269 1425 Extraditio
2338 1372 2395 1425 in
2456 1388 2653 1427 manus
2726 1375 2881 1443 regis

1944 1460 2231 1513 Poloniae.

1822 1615 2145 1687 Misniae
2200 1614 2791 1687 marchionatus.

1740 1742 1890 1793 1344.
1947 1739 2087 1792 Unio
2124 1739 2275 1791 inter
2304 1738 2335 1793 J
2344 1754 2577 1793 oannem
2606 1756 2797 1809 regem
2823 1750 2885 1795 et

1948 1827 2291 1880 Fridericum
2339 1828 2715 1881 marchionem
2750 1826 2885 1881 ms-

1947 1915 2093 1967 niae.
2144 1945 2209 1953 -
2248 1914 2389 1967 Unio
2444 1916 2594 1967 inter
2646 1914 2885 1967 eundem

1948 2002 2321 2055 marchionem
2360 2010 2419 2055 et.
2456 2002 2717 2055 Carolum
2740 2017 2885 2055 mar·

1949 2088 2200 2141 chionen]
2242 2089 2545 2142 Moraviae.

1810 2208 1877 2213 —
1950 2177 2257 2229 conventio
2296 2178 2364 2229 de
2401 2176 2519 2229 filia
2556 2177 2745 2229 Caroli
2770 2176 2885 2229 filio

1950 2263 2227 2317 Friderici
2263 2263 2668 2329 desponsanda.

1742 2352 1896 2403 -49.
1948 2350 2093 2403 Unio
2166 2350 2439 2403 Friderici
2502 2364 2627 2403 cum
2688 2350 2886 2403 Car-olo

1952 2446 2149 2492 contra
2188 2438 2469 2492 Bavariae
2508 2437 2693 2492 duces.

1801 2595 2189 2665 Moraviae
2234 2593 2823 2665 marchionatus.

1747 2720 1896 2772 1307.
1956 2717 2215 2772 Litterae
2249 2717 2377 2770 duci
2402 2716 2669 2770 Austriae
2694 2715 2885 2768 datae.

1744 2809 1897 2860 —-08.
1956 2806 2325 2859 Renuntiatio
2396 2802 2671 2858 Friderici
2729 2803 2887 2856 ducis

1746 2895 1897 2946 -09.
1952 2891 2188 2962 Pignus.

1746 2981 1897 3032 -11.
1956 2977 2268 3033 Restitutio
2335 2979 2372 3032 J
2376 2978 2541 3031 oanni
2612 2977 2753 3046 regi.
2818 3006 2887 3015 —-

1954 3066 2278 3120 Tractatus

1816 3185 1883 3192 -
1954 3153 2097 3207 Jura
2132 3159 2193 3205 et
2230 3153 2677 3207 consuetudines.

1746 3243 1899 3294 -12
1952 3241 2055 3295 Jus
2095 3241 2293 3294 ducum
2332 3240 2615 3292 Austriae.

1748 3330 1901 3381 —23.
1956 3328 2161 3380 Berua.

1749 3417 1902 3467 -27,
1958 3415 2163 3466 Berua.

1748 3505 1901 3554 -33.
1959 3500 2147 3554 Caroli
2196 3500 2252 3554 in
2300 3499 2673 3552 marchionem
2729 3498 2893 3552 insti-

1958 3587 2124 3642 tutio,

1956 3676 2163 3728 Berua.

1959 3763 2100 3816 Jura
2138 3767 2198 3814 et
2236 3760 2555 3830 privilegia.

1956 3849 2252 3902 Ordinatio
2343 3848 2529 3901 Caroli
2620 3845 2893 3900 marchio-

1956 3943 2154 3990 natum
2208 3934 2510 4000 Moraviae,
2566 3932 2892 3987 Olomucen-

1960 4039 2073 4076 sem
2107 4023 2489 4088 episcopatum
2529 4029 2587 4074 et
2624 4021 2893 4074 ducatum

1962 4111 2331 4176 ‹jpaviensem
2368 4123 2721 4160 concernens.

1895 4241 1904 4250 .
1962 4196 2201 4249 (lollatio
2282 4195 2489 4249 Joanni
2570 4195 2895 4262 marchioni,

1961 4284 2185 4352 adjecta
2223 4297 2413 4336 norma
2438 4281 2823 4334 successionis.

1750 3677 1902 3728 -39.

1749 3767 1903 3816 -47.

1750 3853 1903 3902 -48.
