<?xml version="1.0" encoding="UTF-8"?>
<!DOCTYPE html PUBLIC "-//W3C//DTD XHTML 1.0 Transitional//EN"
    "http://www.w3.org/TR/xhtml1/DTD/xhtml1-transitional.dtd">
<html xmlns="http://www.w3.org/1999/xhtml" xml:lang="en" lang="en">
 <head>
  <title>
</title>
<meta http-equiv="Content-Type" content="text/html;charset=utf-8" />
  <meta name='ocr-system' content='tesseract 3.04.00' />
  <meta name='ocr-capabilities' content='ocr_page ocr_carea ocr_par ocr_line ocrx_word'/>
</head>
<body>
  <div class='ocr_page' id='page_1' title='image "./codexjurisbohem00bohegoog_0276.png"; bbox 0 0 3288 4973; ppageno 0'>
   <div class='ocr_carea' id='block_1_1' title="bbox 1630 305 2018 366">
    <p class='ocr_par' dir='ltr' id='par_1_1' title="bbox 1630 305 2018 366">
     <span class='ocr_line' id='line_1_1' title="bbox 1630 305 2018 366; baseline 0 0"><span class='ocrx_word' id='word_1_1' title='bbox 1630 305 2018 366; x_wconf 77' lang='lat'><strong>—262—</strong></span> 
     </span>
    </p>
   </div>
   <div class='ocr_carea' id='block_1_2' title="bbox 624 501 2982 911">
    <p class='ocr_par' dir='ltr' id='par_1_2' title="bbox 624 501 2982 911">
     <span class='ocr_line' id='line_1_2' title="bbox 832 501 2982 590; baseline -0.002 -14"><span class='ocrx_word' id='word_1_2' title='bbox 832 509 984 576; x_wconf 84' lang='lat'><strong>251.</strong></span> <span class='ocrx_word' id='word_1_3' title='bbox 1076 504 1402 590; x_wconf 72' lang='lat' dir='ltr'><strong>ottonis,</strong></span> <span class='ocrx_word' id='word_1_4' title='bbox 1478 507 1952 578; x_wconf 85' lang='lat' dir='ltr'><strong>Reinckonis</strong></span> <span class='ocrx_word' id='word_1_5' title='bbox 2018 511 2098 578; x_wconf 82' lang='lat' dir='ltr'><strong>et</strong></span> <span class='ocrx_word' id='word_1_6' title='bbox 2153 503 2450 578; x_wconf 87' lang='lat' dir='ltr'><strong>Nicolai</strong></span> <span class='ocrx_word' id='word_1_7' title='bbox 2525 505 2843 575; x_wconf 72' lang='lat' dir='ltr'><strong>fratr-um</strong></span> <span class='ocrx_word' id='word_1_8' title='bbox 2906 501 2982 572; x_wconf 87' lang='lat' dir='ltr'><strong>de</strong></span> 
     </span>
     <span class='ocr_line' id='line_1_3' title="bbox 626 605 2977 699; baseline -0.002 -21"><span class='ocrx_word' id='word_1_9' title='bbox 626 608 915 682; x_wconf 78' lang='lat' dir='ltr'><strong>Glubos</strong></span> <span class='ocrx_word' id='word_1_10' title='bbox 962 629 1007 679; x_wconf 88' lang='lat' dir='ltr'><strong>a</strong></span> <span class='ocrx_word' id='word_1_11' title='bbox 1052 610 1101 680; x_wconf 88' lang='lat' dir='ltr'>J</span> <span class='ocrx_word' id='word_1_12' title='bbox 1104 629 1345 680; x_wconf 90' lang='lat' dir='ltr'><strong>oaune</strong></span> <span class='ocrx_word' id='word_1_13' title='bbox 1408 631 1594 699; x_wconf 78' lang='lat' dir='ltr'><strong>rege</strong></span> <span class='ocrx_word' id='word_1_14' title='bbox 1655 611 1896 682; x_wconf 84' lang='lat' dir='ltr'><strong>castri</strong></span> <span class='ocrx_word' id='word_1_15' title='bbox 1955 608 2452 698; x_wconf 78' lang='lat' dir='ltr'><strong>Car-penstein</strong></span> <span class='ocrx_word' id='word_1_16' title='bbox 2497 629 2665 678; x_wconf 88' lang='lat' dir='ltr'><strong>cum</strong></span> <span class='ocrx_word' id='word_1_17' title='bbox 2715 605 2977 696; x_wconf 86' lang='lat' dir='ltr'><strong>jndicio</strong></span> 
     </span>
     <span class='ocr_line' id='line_1_4' title="bbox 625 708 2979 800; baseline -0 -18"><span class='ocrx_word' id='word_1_18' title='bbox 625 713 1084 800; x_wconf 80' lang='lat' dir='ltr'><strong>provinciali</strong></span> <span class='ocrx_word' id='word_1_19' title='bbox 1158 733 1295 785; x_wconf 89' lang='lat' dir='ltr'><strong>seu</strong></span> <span class='ocrx_word' id='word_1_20' title='bbox 1378 713 1850 788; x_wconf 75' lang='lat' dir='ltr'><strong>hereditario</strong></span> <span class='ocrx_word' id='word_1_21' title='bbox 1921 716 2000 787; x_wconf 86' lang='lat' dir='ltr'><strong>in</strong></span> <span class='ocrx_word' id='word_1_22' title='bbox 2077 713 2392 787; x_wconf 87' lang='lat' dir='ltr'><strong>Landek</strong></span> <span class='ocrx_word' id='word_1_23' title='bbox 2461 715 2716 785; x_wconf 80' lang='lat' dir='ltr'><strong>terr-ae</strong></span> <span class='ocrx_word' id='word_1_24' title='bbox 2789 708 2979 782; x_wconf 84' lang='lat' dir='ltr'><strong>Glad-</strong></span> 
     </span>
     <span class='ocr_line' id='line_1_5' title="bbox 624 818 1812 911; baseline 0.003 -23"><span class='ocrx_word' id='word_1_25' title='bbox 624 818 877 890; x_wconf 87' lang='lat' dir='ltr'><strong>censis</strong></span> <span class='ocrx_word' id='word_1_26' title='bbox 920 818 999 890; x_wconf 90' lang='lat' dir='ltr'><strong>in</strong></span> <span class='ocrx_word' id='word_1_27' title='bbox 1047 819 1352 890; x_wconf 85' lang='lat' dir='ltr'><strong>feudum</strong></span> <span class='ocrx_word' id='word_1_28' title='bbox 1400 820 1812 911; x_wconf 81' lang='lat' dir='ltr'><strong>susceptio.</strong></span> 
     </span>
    </p>
   </div>
   <div class='ocr_carea' id='block_1_3' title="bbox 1415 977 2240 1065">
    <p class='ocr_par' dir='ltr' id='par_1_3' title="bbox 1415 977 2240 1065">
     <span class='ocr_line' id='line_1_6' title="bbox 1415 977 2240 1065; baseline 0 -17"><span class='ocrx_word' id='word_1_29' title='bbox 1415 981 1611 1065; x_wconf 73' lang='grc'>1346,</span> <span class='ocrx_word' id='word_1_30' title='bbox 1659 984 1767 1048; x_wconf 83' lang='grc'><strong>14.</strong></span> <span class='ocrx_word' id='word_1_31' title='bbox 1815 977 2240 1050; x_wconf 80' lang='lat' dir='ltr'><strong>Februarii.</strong></span> 
     </span>
    </p>
   </div>
   <div class='ocr_carea' id='block_1_4' title="bbox 617 1139 2986 1300">
    <p class='ocr_par' dir='ltr' id='par_1_4' title="bbox 617 1139 2986 1300">
     <span class='ocr_line' id='line_1_7' title="bbox 827 1139 2983 1208; baseline -0.003 -12"><span class='ocrx_word' id='word_1_32' title='bbox 827 1141 953 1197; x_wconf 74' lang='lat' dir='ltr'><strong>Lint</strong></span> <span class='ocrx_word' id='word_1_33' title='bbox 1006 1142 1207 1208; x_wconf 84' lang='lat' dir='ltr'><strong>Otuov‚</strong></span> <span class='ocrx_word' id='word_1_34' title='bbox 1263 1143 1588 1199; x_wconf 76' lang='lat' dir='ltr'><strong>Reinczln’rv</strong></span> <span class='ocrx_word' id='word_1_35' title='bbox 1641 1160 1676 1198; x_wconf 88' lang='lat' dir='ltr'><strong>a</strong></span> <span class='ocrx_word' id='word_1_36' title='bbox 1727 1143 2006 1199; x_wconf 64' lang='lat' dir='ltr'><strong>Mikulsse</strong></span> <span class='ocrx_word' id='word_1_37' title='bbox 2061 1145 2239 1200; x_wconf 66' lang='lat' dir='ltr'><strong>bruti-i</strong></span> <span class='ocrx_word' id='word_1_38' title='bbox 2289 1161 2319 1198; x_wconf 86' lang='lat' dir='ltr'>z</span> <span class='ocrx_word' id='word_1_39' title='bbox 2357 1141 2647 1208; x_wconf 82' lang='lat' dir='ltr'><strong>Glaubicz‚</strong></span> <span class='ocrx_word' id='word_1_40' title='bbox 2698 1146 2764 1196; x_wconf 67' lang='lat' dir='ltr'><strong>ie</strong></span> <span class='ocrx_word' id='word_1_41' title='bbox 2815 1139 2983 1194; x_wconf 68' lang='lat' dir='ltr'><strong>zamek</strong></span> 
     </span>
     <span class='ocr_line' id='line_1_8' title="bbox 617 1227 2986 1300; baseline -0.002 -17"><span class='ocrx_word' id='word_1_42' title='bbox 617 1228 995 1300; x_wconf 84' lang='lat' dir='ltr'><strong>Karpenstein</strong></span> <span class='ocrx_word' id='word_1_43' title='bbox 1032 1245 1093 1285; x_wconf 83' lang='lat' dir='ltr'><strong>se</strong></span> <span class='ocrx_word' id='word_1_44' title='bbox 1131 1232 1272 1285; x_wconf 67' lang='lat' dir='ltr'><strong>vsim</strong></span> <span class='ocrx_word' id='word_1_45' title='bbox 1308 1231 1762 1299; x_wconf 65' lang='lat' dir='ltr'><strong>prislufienstvsm</strong></span> <span class='ocrx_word' id='word_1_46' title='bbox 1798 1231 1940 1285; x_wconf 68' lang='lat' dir='ltr'><strong>krssi</strong></span> <span class='ocrx_word' id='word_1_47' title='bbox 1979 1231 2182 1286; x_wconf 76' lang='lat' dir='ltr'><strong>Janovi</strong></span> <span class='ocrx_word' id='word_1_48' title='bbox 2207 1247 2241 1286; x_wconf 89' lang='lat' dir='ltr'><strong>a</strong></span> <span class='ocrx_word' id='word_1_49' title='bbox 2267 1230 2522 1286; x_wconf 78' lang='lat' dir='ltr'><strong>buducim</strong></span> <span class='ocrx_word' id='word_1_50' title='bbox 2549 1229 2760 1284; x_wconf 77' lang='lat' dir='ltr'><strong>kralom</strong></span> <span class='ocrx_word' id='word_1_51' title='bbox 2787 1227 2986 1292; x_wconf 62' lang='lat' dir='ltr'><strong>ceskym</strong></span> 
     </span>
    </p>
   </div>
   <div class='ocr_carea' id='block_1_5' title="bbox 617 1315 1211 1384">
    <p class='ocr_par' dir='ltr' id='par_1_5' title="bbox 617 1315 1211 1384">
     <span class='ocr_line' id='line_1_9' title="bbox 617 1315 1211 1384; baseline 0 -14"><span class='ocrx_word' id='word_1_52' title='bbox 617 1316 727 1384; x_wconf 84' lang='lat' dir='ltr'><strong>pod</strong></span> <span class='ocrx_word' id='word_1_53' title='bbox 766 1317 1042 1373; x_wconf 80' lang='lat' dir='ltr'><strong>manstvie</strong></span> <span class='ocrx_word' id='word_1_54' title='bbox 1082 1315 1211 1374; x_wconf 82' lang='lat' dir='ltr'><strong>dali.</strong></span> 
     </span>
    </p>
   </div>
   <div class='ocr_carea' id='block_1_6' title="bbox 615 1445 2986 1668">
    <p class='ocr_par' dir='ltr' id='par_1_6' title="bbox 615 1445 2986 1668">
     <span class='ocr_line' id='line_1_10' title="bbox 824 1445 2986 1561; baseline -0.011 0"><span class='ocrx_word' id='word_1_55' title='bbox 824 1474 945 1561; x_wconf 84' lang='lat' dir='ltr'><strong>(A.</strong></span> <span class='ocrx_word' id='word_1_56' title='bbox 1009 1474 1104 1548; x_wconf 88' lang='lat' dir='ltr'><strong>K·</strong></span> <span class='ocrx_word' id='word_1_57' title='bbox 1150 1513 1238 1528; x_wconf 88' lang='grc'><strong>--</strong></span> <span class='ocrx_word' id='word_1_58' title='bbox 1278 1445 1491 1540; x_wconf 63' lang='lat' dir='ltr'><strong>Palm</strong></span> <span class='ocrx_word' id='word_1_59' title='bbox 1533 1473 1701 1539; x_wconf 80' lang='lat' dir='ltr'><strong>Karl</strong></span> <span class='ocrx_word' id='word_1_60' title='bbox 1745 1475 1854 1545; x_wconf 89' lang='lat' dir='ltr'><strong>IV.</strong></span> <span class='ocrx_word' id='word_1_61' title='bbox 1889 1475 1942 1544; x_wconf 95' lang='grc' dir='ltr'><strong>Ι.</strong></span> <span class='ocrx_word' id='word_1_62' title='bbox 1987 1513 2071 1524; x_wconf 91' lang='grc'>-</span> <span class='ocrx_word' id='word_1_63' title='bbox 2117 1471 2338 1560; x_wconf 68' lang='lat' dir='ltr'><strong>Chytil</strong></span> <span class='ocrx_word' id='word_1_64' title='bbox 2381 1473 2488 1542; x_wconf 90' lang='lat' dir='ltr'><strong>IV.</strong></span> <span class='ocrx_word' id='word_1_65' title='bbox 2532 1475 2663 1540; x_wconf 79' lang='lat'><strong>472</strong></span> <span class='ocrx_word' id='word_1_66' title='bbox 2711 1483 2872 1539; x_wconf 71' lang='lat' dir='ltr'><strong>extr.</strong></span> <span class='ocrx_word' id='word_1_67' title='bbox 2912 1509 2986 1518; x_wconf 93' lang='lat'><em>-</em></span> 
     </span>
     <span class='ocr_line' id='line_1_11' title="bbox 615 1577 2152 1668; baseline 0.002 -26"><span class='ocrx_word' id='word_1_68' title='bbox 615 1577 1006 1666; x_wconf 73' lang='lat' dir='ltr'><strong>Grilnhaqen</strong></span> <span class='ocrx_word' id='word_1_69' title='bbox 1050 1579 1140 1649; x_wconf 90' lang='grc' dir='ltr'><strong>ΙΙ.</strong></span> <span class='ocrx_word' id='word_1_70' title='bbox 1184 1581 1331 1650; x_wconf 84' lang='grc'><strong>172.</strong></span> <span class='ocrx_word' id='word_1_71' title='bbox 1376 1617 1463 1630; x_wconf 86' lang='lat'><strong>--</strong></span> <span class='ocrx_word' id='word_1_72' title='bbox 1508 1578 1732 1644; x_wconf 76' lang='lat' dir='ltr'><strong>Emler</strong></span> <span class='ocrx_word' id='word_1_73' title='bbox 1779 1579 1886 1650; x_wconf 86' lang='lat' dir='ltr'><strong>IV.</strong></span> <span class='ocrx_word' id='word_1_74' title='bbox 1935 1579 2152 1668; x_wconf 86' lang='lat'><strong>1659.)</strong></span> 
     </span>
    </p>
   </div>
   <div class='ocr_carea' id='block_1_7' title="bbox 610 1855 2997 2362">
    <p class='ocr_par' dir='ltr' id='par_1_7' title="bbox 610 1855 2997 2362">
     <span class='ocr_line' id='line_1_12' title="bbox 821 1855 2997 1948; baseline -0.002 -22"><span class='ocrx_word' id='word_1_75' title='bbox 821 1861 973 1927; x_wconf 81' lang='lat'><strong>252.</strong></span> <span class='ocrx_word' id='word_1_76' title='bbox 1036 1857 1379 1929; x_wconf 77' lang='lat' dir='ltr'>Clemens</span> <span class='ocrx_word' id='word_1_77' title='bbox 1440 1859 1569 1930; x_wconf 90' lang='lat' dir='ltr'><strong>VI.</strong></span> <span class='ocrx_word' id='word_1_78' title='bbox 1618 1879 1817 1948; x_wconf 82' lang='lat' dir='ltr'><strong>papa</strong></span> <span class='ocrx_word' id='word_1_79' title='bbox 1893 1857 2174 1928; x_wconf 85' lang='lat' dir='ltr'><strong>Joanni</strong></span> <span class='ocrx_word' id='word_1_80' title='bbox 2237 1855 2411 1945; x_wconf 80' lang='lat' dir='ltr'><strong>regi</strong></span> <span class='ocrx_word' id='word_1_81' title='bbox 2471 1855 2854 1943; x_wconf 79' lang='lat' dir='ltr'><strong>indulget,</strong></span> <span class='ocrx_word' id='word_1_82' title='bbox 2919 1856 2997 1922; x_wconf 86' lang='lat' dir='ltr'><strong>ut</strong></span> 
     </span>
     <span class='ocr_line' id='line_1_13' title="bbox 613 1953 2992 2049; baseline -0.001 -20"><span class='ocrx_word' id='word_1_83' title='bbox 613 1957 939 2047; x_wconf 85' lang='lat' dir='ltr'><strong>quilibet</strong></span> <span class='ocrx_word' id='word_1_84' title='bbox 985 1962 1385 2049; x_wconf 85' lang='lat' dir='ltr'><strong>episcopus</strong></span> <span class='ocrx_word' id='word_1_85' title='bbox 1433 1967 1569 2036; x_wconf 88' lang='lat' dir='ltr'><strong>aut</strong></span> <span class='ocrx_word' id='word_1_86' title='bbox 1614 1961 1852 2034; x_wconf 81' lang='lat' dir='ltr'><strong>abbas</strong></span> <span class='ocrx_word' id='word_1_87' title='bbox 1913 1953 2343 2032; x_wconf 84' lang='lat' dir='ltr'><strong>catholicus</strong></span> <span class='ocrx_word' id='word_1_88' title='bbox 2405 1960 2484 2030; x_wconf 82' lang='lat' dir='ltr'><strong>in</strong></span> <span class='ocrx_word' id='word_1_89' title='bbox 2550 1959 2716 2048; x_wconf 77' lang='lat' dir='ltr'><strong>eius</strong></span> <span class='ocrx_word' id='word_1_90' title='bbox 2773 1962 2992 2046; x_wconf 80' lang='lat' dir='ltr'><strong>atque</strong></span> 
     </span>
     <span class='ocr_line' id='line_1_14' title="bbox 610 2063 2992 2155; baseline -0.001 -22"><span class='ocrx_word' id='word_1_91' title='bbox 610 2082 1133 2136; x_wconf 82' lang='lat' dir='ltr'><strong>successor-um</strong></span> <span class='ocrx_word' id='word_1_92' title='bbox 1224 2067 1413 2155; x_wconf 86' lang='lat' dir='ltr'><strong>ejus,</strong></span> <span class='ocrx_word' id='word_1_93' title='bbox 1506 2087 1778 2155; x_wconf 83' lang='lat' dir='ltr'><strong>regum</strong></span> <span class='ocrx_word' id='word_1_94' title='bbox 1867 2067 1977 2150; x_wconf 88' lang='grc' dir='ltr'><strong>Β.,</strong></span> <span class='ocrx_word' id='word_1_95' title='bbox 2068 2064 2502 2154; x_wconf 81' lang='lat' dir='ltr'><strong>praeseutia</strong></span> <span class='ocrx_word' id='word_1_96' title='bbox 2592 2063 2992 2134; x_wconf 82' lang='lat' dir='ltr'><strong>missarum</strong></span> 
     </span>
     <span class='ocr_line' id='line_1_15' title="bbox 610 2165 2990 2259; baseline -0.002 -21"><span class='ocrx_word' id='word_1_97' title='bbox 610 2168 979 2242; x_wconf 86' lang='lat' dir='ltr'><strong>solemnia</strong></span> <span class='ocrx_word' id='word_1_98' title='bbox 1024 2171 1102 2240; x_wconf 87' lang='lat' dir='ltr'><strong>in</strong></span> <span class='ocrx_word' id='word_1_99' title='bbox 1148 2171 1715 2259; x_wconf 81' lang='lat' dir='ltr'><strong>pontificalibus</strong></span> <span class='ocrx_word' id='word_1_100' title='bbox 1762 2170 2214 2258; x_wconf 83' lang='lat' dir='ltr'><strong>ubicunque,</strong></span> <span class='ocrx_word' id='word_1_101' title='bbox 2260 2191 2411 2240; x_wconf 85' lang='lat' dir='ltr'><strong>non</strong></span> <span class='ocrx_word' id='word_1_102' title='bbox 2453 2167 2694 2258; x_wconf 82' lang='lat' dir='ltr'><strong>petita</strong></span> <span class='ocrx_word' id='word_1_103' title='bbox 2724 2167 2826 2238; x_wconf 83' lang='lat' dir='ltr'><strong>ad</strong></span> <span class='ocrx_word' id='word_1_104' title='bbox 2855 2165 2990 2236; x_wconf 86' lang='lat' dir='ltr'><strong>hoc</strong></span> 
     </span>
     <span class='ocr_line' id='line_1_16' title="bbox 610 2273 2308 2362; baseline 0.002 -22"><span class='ocrx_word' id='word_1_105' title='bbox 610 2273 1173 2346; x_wconf 76' lang='lat' dir='ltr'><strong>ordinariorum</strong></span> <span class='ocrx_word' id='word_1_106' title='bbox 1202 2275 1550 2362; x_wconf 84' lang='lat' dir='ltr'><strong>licentia,</strong></span> <span class='ocrx_word' id='word_1_107' title='bbox 1598 2276 1992 2347; x_wconf 77' lang='lat' dir='ltr'><strong>celebr-are</strong></span> <span class='ocrx_word' id='word_1_108' title='bbox 2039 2274 2308 2362; x_wconf 79' lang='lat' dir='ltr'><strong>possit.</strong></span> 
     </span>
    </p>
   </div>
   <div class='ocr_carea' id='block_1_8' title="bbox 814 2430 2335 2694">
    <p class='ocr_par' dir='ltr' id='par_1_8' title="bbox 814 2430 2335 2694">
     <span class='ocr_line' id='line_1_17' title="bbox 1266 2430 2335 2519; baseline -0.002 -16"><span class='ocrx_word' id='word_1_109' title='bbox 1266 2435 1460 2519; x_wconf 80' lang='lat'>1346,</span> <span class='ocrx_word' id='word_1_110' title='bbox 1505 2435 1569 2503; x_wconf 86' lang='grc'><strong>6.</strong></span> <span class='ocrx_word' id='word_1_111' title='bbox 1617 2430 1821 2503; x_wconf 77' lang='lat' dir='ltr'><strong>Maii.</strong></span> <span class='ocrx_word' id='word_1_112' title='bbox 1869 2430 2335 2519; x_wconf 86' lang='lat' dir='ltr'><strong>(Avinione.)</strong></span> 
     </span>
     <span class='ocr_line' id='line_1_18' title="bbox 814 2606 1436 2694; baseline 0.01 -23"><span class='ocrx_word' id='word_1_113' title='bbox 814 2606 1036 2693; x_wconf 73' lang='lat' dir='ltr'><strong>(Arch.</strong></span> <span class='ocrx_word' id='word_1_114' title='bbox 1086 2606 1154 2676; x_wconf 82' lang='lat' dir='ltr'><strong>S.</strong></span> <span class='ocrx_word' id='word_1_115' title='bbox 1200 2608 1436 2694; x_wconf 73' lang='lat' dir='ltr'><strong>Wenc.)</strong></span> 
     </span>
    </p>
   </div>
   <div class='ocr_carea' id='block_1_9' title="bbox 814 2838 2993 2974">
    <p class='ocr_par' dir='ltr' id='par_1_9' title="bbox 814 2838 2993 2974">
     <span class='ocr_line' id='line_1_19' title="bbox 814 2838 2993 2974; baseline -0.002 -17"><span class='ocrx_word' id='word_1_116' title='bbox 814 2890 965 2957; x_wconf 79' lang='lat'><strong>253.</strong></span> <span class='ocrx_word' id='word_1_117' title='bbox 1013 2884 1243 2957; x_wconf 89' lang='lat' dir='ltr'><strong>Bulla</strong></span> <span class='ocrx_word' id='word_1_118' title='bbox 1288 2887 1714 2958; x_wconf 87' lang='lat' dir='ltr'><strong>Clementes</strong></span> <span class='ocrx_word' id='word_1_119' title='bbox 1745 2906 1984 2974; x_wconf 84' lang='lat' dir='ltr'><strong>papae</strong></span> <span class='ocrx_word' id='word_1_120' title='bbox 2017 2887 2110 2956; x_wconf 90' lang='lat' dir='ltr'><strong>de</strong></span> <span class='ocrx_word' id='word_1_121' title='bbox 2141 2904 2421 2957; x_wconf 80' lang='lat' dir='ltr'><strong>col-ona</strong></span> <span class='ocrx_word' id='word_1_122' title='bbox 2453 2884 2527 2956; x_wconf 89' lang='lat' dir='ltr'><strong>S.</strong></span> <span class='ocrx_word' id='word_1_123' title='bbox 2557 2838 2993 2955; x_wconf 72' lang='lat' dir='ltr'><strong>wenceslai</strong></span> 
     </span>
    </p>
   </div>
   <div class='ocr_carea' id='block_1_10' title="bbox 609 2990 2078 3183">
    <p class='ocr_par' dir='ltr' id='par_1_10' title="bbox 609 2990 2078 3183">
     <span class='ocr_line' id='line_1_20' title="bbox 609 2990 1125 3062; baseline -0.004 -1"><span class='ocrx_word' id='word_1_124' title='bbox 609 2990 1125 3062; x_wconf 84' lang='lat' dir='ltr'><strong>custodienda.</strong></span> 
     </span>
     <span class='ocr_line' id='line_1_21' title="bbox 1522 3094 2078 3183; baseline 0.002 -19"><span class='ocrx_word' id='word_1_125' title='bbox 1522 3098 1718 3183; x_wconf 81' lang='grc'>1346,</span> <span class='ocrx_word' id='word_1_126' title='bbox 1763 3098 1828 3166; x_wconf 91' lang='grc'><strong>6.</strong></span> <span class='ocrx_word' id='word_1_127' title='bbox 1875 3094 2078 3165; x_wconf 82' lang='lat' dir='ltr'><strong>Maii.</strong></span> 
     </span>
    </p>
   </div>
   <div class='ocr_carea' id='block_1_11' title="bbox 592 3260 2996 3939">
    <p class='ocr_par' dir='ltr' id='par_1_11' title="bbox 601 3260 2991 3417">
     <span class='ocr_line' id='line_1_22' title="bbox 801 3260 2988 3331; baseline -0.001 -16"><span class='ocrx_word' id='word_1_128' title='bbox 801 3262 1043 3315; x_wconf 83' lang='lat' dir='ltr'><strong>Corona</strong></span> <span class='ocrx_word' id='word_1_129' title='bbox 1078 3260 1135 3315; x_wconf 89' lang='lat' dir='ltr'><strong>S.</strong></span> <span class='ocrx_word' id='word_1_130' title='bbox 1174 3262 1534 3315; x_wconf 77' lang='lat' dir='ltr'><strong>wenceslai.</strong></span> <span class='ocrx_word' id='word_1_131' title='bbox 1584 3260 1817 3316; x_wconf 83' lang='lat' dir='ltr'><strong>Carolus</strong></span> <span class='ocrx_word' id='word_1_132' title='bbox 1870 3262 2084 3317; x_wconf 84' lang='lat' dir='ltr'><strong>electus</strong></span> <span class='ocrx_word' id='word_1_133' title='bbox 2119 3262 2428 3331; x_wconf 78' lang='lat' dir='ltr'><strong>Imperator</strong></span> <span class='ocrx_word' id='word_1_134' title='bbox 2465 3260 2706 3329; x_wconf 81' lang='lat' dir='ltr'><strong>Pragam</strong></span> <span class='ocrx_word' id='word_1_135' title='bbox 2743 3260 2988 3316; x_wconf 83' lang='lat' dir='ltr'><strong>intravit</strong></span> 
     </span>
     <span class='ocr_line' id='line_1_23' title="bbox 601 3345 2991 3417; baseline -0.003 -12"><span class='ocrx_word' id='word_1_136' title='bbox 601 3348 737 3405; x_wconf 88' lang='lat' dir='ltr'><strong>etin</strong></span> <span class='ocrx_word' id='word_1_137' title='bbox 758 3345 1002 3403; x_wconf 85' lang='lat' dir='ltr'><strong>crastino</strong></span> <span class='ocrx_word' id='word_1_138' title='bbox 1023 3348 1074 3403; x_wconf 88' lang='lat' dir='ltr'><strong>S.</strong></span> <span class='ocrx_word' id='word_1_139' title='bbox 1097 3346 1288 3417; x_wconf 83' lang='lat' dir='ltr'><strong>Egidii</strong></span> <span class='ocrx_word' id='word_1_140' title='bbox 1307 3348 1367 3401; x_wconf 91' lang='lat' dir='ltr'><strong>in</strong></span> <span class='ocrx_word' id='word_1_141' title='bbox 1386 3354 1576 3416; x_wconf 80' lang='lat' dir='ltr'><strong>regem</strong></span> <span class='ocrx_word' id='word_1_142' title='bbox 1607 3348 1870 3404; x_wconf 90' lang='lat' dir='ltr'><strong>Boemiae</strong></span> <span class='ocrx_word' id='word_1_143' title='bbox 1895 3354 2207 3413; x_wconf 78' lang='lat' dir='ltr'><strong>coronatur,</strong></span> <span class='ocrx_word' id='word_1_144' title='bbox 2233 3363 2345 3403; x_wconf 85' lang='lat' dir='ltr'><strong>una</strong></span> <span class='ocrx_word' id='word_1_145' title='bbox 2370 3364 2492 3403; x_wconf 89' lang='lat' dir='ltr'><strong>cum</strong></span> <span class='ocrx_word' id='word_1_146' title='bbox 2519 3349 2740 3403; x_wconf 86' lang='lat' dir='ltr'><strong>domina</strong></span> <span class='ocrx_word' id='word_1_147' title='bbox 2759 3348 2991 3403; x_wconf 79' lang='lat' dir='ltr'><strong>Blanca.</strong></span> 
     </span>
    </p>

    <p class='ocr_par' dir='ltr' id='par_1_12' title="bbox 592 3434 2996 3939">
     <span class='ocr_line' id='line_1_24' title="bbox 810 3434 2992 3503; baseline 0.001 -13"><span class='ocrx_word' id='word_1_148' title='bbox 810 3436 1080 3491; x_wconf 76' lang='lat' dir='ltr'><strong>Coronam</strong></span> <span class='ocrx_word' id='word_1_149' title='bbox 1116 3440 1319 3503; x_wconf 69' lang='lat' dir='ltr'><strong>autem,</strong></span> <span class='ocrx_word' id='word_1_150' title='bbox 1355 3451 1465 3503; x_wconf 79' lang='lat' dir='ltr'><strong>qua.</strong></span> <span class='ocrx_word' id='word_1_151' title='bbox 1520 3436 1639 3503; x_wconf 86' lang='lat' dir='ltr'><strong>ipse</strong></span> <span class='ocrx_word' id='word_1_152' title='bbox 1679 3452 1778 3492; x_wconf 84' lang='lat' dir='ltr'><strong>rex</strong></span> <span class='ocrx_word' id='word_1_153' title='bbox 1819 3443 2114 3490; x_wconf 84' lang='lat' dir='ltr'><strong>coronatus</strong></span> <span class='ocrx_word' id='word_1_154' title='bbox 2151 3442 2257 3502; x_wconf 81' lang='lat' dir='ltr'><strong>est,</strong></span> <span class='ocrx_word' id='word_1_155' title='bbox 2297 3436 2527 3491; x_wconf 81' lang='lat' dir='ltr'><strong>donavit</strong></span> <span class='ocrx_word' id='word_1_156' title='bbox 2563 3435 2600 3491; x_wconf 85' lang='lat' dir='ltr'>S</span> <span class='ocrx_word' id='word_1_157' title='bbox 2637 3434 2992 3493; x_wconf 76' lang='lat' dir='ltr'><strong>wenceslao.</strong></span> 
     </span>
     <span class='ocr_line' id='line_1_25' title="bbox 599 3521 2990 3594; baseline -0.002 -15"><span class='ocrx_word' id='word_1_158' title='bbox 599 3524 719 3594; x_wconf 85' lang='lat' dir='ltr'><strong>ejus</strong></span> <span class='ocrx_word' id='word_1_159' title='bbox 758 3521 933 3591; x_wconf 81' lang='lat' dir='ltr'><strong>capiti</strong></span> <span class='ocrx_word' id='word_1_160' title='bbox 971 3522 1029 3575; x_wconf 87' lang='lat' dir='ltr'><strong>in</strong></span> <span class='ocrx_word' id='word_1_161' title='bbox 1067 3521 1306 3577; x_wconf 84' lang='lat' dir='ltr'><strong>ecclesia</strong></span> <span class='ocrx_word' id='word_1_162' title='bbox 1342 3521 1616 3592; x_wconf 83' lang='lat' dir='ltr'><strong>Pragensi</strong></span> <span class='ocrx_word' id='word_1_163' title='bbox 1654 3523 1826 3577; x_wconf 81' lang='lat' dir='ltr'><strong>certis</strong></span> <span class='ocrx_word' id='word_1_164' title='bbox 1865 3522 2060 3578; x_wconf 87' lang='lat' dir='ltr'><strong>diebus</strong></span> <span class='ocrx_word' id='word_1_165' title='bbox 2109 3524 2510 3591; x_wconf 82' lang='lat' dir='ltr'><strong>imponendam,</strong></span> <span class='ocrx_word' id='word_1_166' title='bbox 2547 3521 2876 3589; x_wconf 82' lang='lat' dir='ltr'><strong>decernens,</strong></span> <span class='ocrx_word' id='word_1_167' title='bbox 2925 3528 2990 3574; x_wconf 90' lang='lat' dir='ltr'><strong>ut</strong></span> 
     </span>
     <span class='ocr_line' id='line_1_26' title="bbox 598 3607 2996 3679; baseline -0.002 -14"><span class='ocrx_word' id='word_1_168' title='bbox 598 3626 785 3665; x_wconf 86' lang='lat' dir='ltr'><strong>omnes</strong></span> <span class='ocrx_word' id='word_1_169' title='bbox 824 3624 990 3679; x_wconf 78' lang='lat' dir='ltr'><strong>reges</strong></span> <span class='ocrx_word' id='word_1_170' title='bbox 1026 3607 1303 3678; x_wconf 88' lang='lat' dir='ltr'><strong>Boemiae,</strong></span> <span class='ocrx_word' id='word_1_171' title='bbox 1343 3609 1429 3663; x_wconf 86' lang='lat' dir='ltr'><strong>sui</strong></span> <span class='ocrx_word' id='word_1_172' title='bbox 1467 3624 1834 3679; x_wconf 83' lang='lat' dir='ltr'><strong>successores,</strong></span> <span class='ocrx_word' id='word_1_173' title='bbox 1888 3611 2080 3665; x_wconf 88' lang='lat' dir='ltr'><strong>eadem</strong></span> <span class='ocrx_word' id='word_1_174' title='bbox 2119 3610 2359 3665; x_wconf 85' lang='lat' dir='ltr'><strong>debeant</strong></span> <span class='ocrx_word' id='word_1_175' title='bbox 2397 3624 2596 3663; x_wconf 89' lang='lat' dir='ltr'><strong>corona</strong></span> <span class='ocrx_word' id='word_1_176' title='bbox 2634 3607 2896 3663; x_wconf 85' lang='lat' dir='ltr'><strong>coronari</strong></span> <span class='ocrx_word' id='word_1_177' title='bbox 2933 3614 2996 3661; x_wconf 87' lang='lat' dir='ltr'><strong>et</strong></span> 
     </span>
     <span class='ocr_line' id='line_1_27' title="bbox 596 3694 2992 3765; baseline -0.001 -13"><span class='ocrx_word' id='word_1_178' title='bbox 596 3698 694 3752; x_wconf 74' lang='lat' dir='ltr'><strong>ills</strong></span> <span class='ocrx_word' id='word_1_179' title='bbox 730 3696 819 3751; x_wconf 89' lang='lat' dir='ltr'><strong>die</strong></span> <span class='ocrx_word' id='word_1_180' title='bbox 858 3696 1229 3751; x_wconf 77' lang='lat' dir='ltr'><strong>coronationis</strong></span> <span class='ocrx_word' id='word_1_181' title='bbox 1264 3712 1399 3751; x_wconf 82' lang='lat' dir='ltr'><strong>suae</strong></span> <span class='ocrx_word' id='word_1_182' title='bbox 1448 3698 1728 3751; x_wconf 78' lang='lat' dir='ltr'><strong>duntaxat</strong></span> <span class='ocrx_word' id='word_1_183' title='bbox 1773 3696 1873 3765; x_wconf 83' lang='lat' dir='ltr'><strong>uti,</strong></span> <span class='ocrx_word' id='word_1_184' title='bbox 1929 3696 2107 3764; x_wconf 85' lang='lat' dir='ltr'><strong>ipsam</strong></span> <span class='ocrx_word' id='word_1_185' title='bbox 2145 3697 2235 3751; x_wconf 87' lang='lat' dir='ltr'><strong>die</strong></span> <span class='ocrx_word' id='word_1_186' title='bbox 2291 3695 2485 3750; x_wconf 85' lang='lat' dir='ltr'><strong>eadem</strong></span> <span class='ocrx_word' id='word_1_187' title='bbox 2523 3696 2592 3749; x_wconf 82' lang='lat' dir='ltr'><strong>ad</strong></span> <span class='ocrx_word' id='word_1_188' title='bbox 2649 3702 2877 3751; x_wconf 85' lang='lat' dir='ltr'><strong>noctem</strong></span> <span class='ocrx_word' id='word_1_189' title='bbox 2932 3694 2992 3749; x_wconf 86' lang='lat' dir='ltr'><strong>in</strong></span> 
     </span>
     <span class='ocr_line' id='line_1_28' title="bbox 596 3781 2989 3853; baseline -0 -15"><span class='ocrx_word' id='word_1_190' title='bbox 596 3800 788 3839; x_wconf 84' lang='lat' dir='ltr'><strong>manus</strong></span> <span class='ocrx_word' id='word_1_191' title='bbox 826 3783 1022 3839; x_wconf 77' lang='lat' dir='ltr'><strong>decani</strong></span> <span class='ocrx_word' id='word_1_192' title='bbox 1061 3792 1121 3839; x_wconf 86' lang='lat' dir='ltr'><strong>et</strong></span> <span class='ocrx_word' id='word_1_193' title='bbox 1157 3784 1429 3838; x_wconf 73' lang='lat' dir='ltr'><strong>sacristae</strong></span> <span class='ocrx_word' id='word_1_194' title='bbox 1474 3783 1797 3853; x_wconf 76' lang='lat' dir='ltr'><strong>PragensiS,</strong></span> <span class='ocrx_word' id='word_1_195' title='bbox 1850 3781 1944 3852; x_wconf 86' lang='lat' dir='ltr'><strong>qui</strong></span> <span class='ocrx_word' id='word_1_196' title='bbox 1989 3784 2056 3837; x_wconf 91' lang='lat' dir='ltr'><strong>de</strong></span> <span class='ocrx_word' id='word_1_197' title='bbox 2110 3782 2337 3838; x_wconf 87' lang='lat' dir='ltr'><strong>natione</strong></span> <span class='ocrx_word' id='word_1_198' title='bbox 2373 3782 2567 3837; x_wconf 86' lang='lat' dir='ltr'><strong>boema</strong></span> <span class='ocrx_word' id='word_1_199' title='bbox 2619 3798 2748 3837; x_wconf 85' lang='lat' dir='ltr'><strong>esse</strong></span> <span class='ocrx_word' id='word_1_200' title='bbox 2795 3782 2989 3849; x_wconf 86' lang='lat' dir='ltr'><strong>debet,</strong></span> 
     </span>
     <span class='ocr_line' id='line_1_29' title="bbox 592 3869 2990 3939; baseline -0.001 -14"><span class='ocrx_word' id='word_1_201' title='bbox 592 3869 895 3925; x_wconf 81' lang='lat' dir='ltr'><strong>restituere</strong></span> <span class='ocrx_word' id='word_1_202' title='bbox 932 3886 1057 3925; x_wconf 91' lang='lat' dir='ltr'><strong>cum</strong></span> <span class='ocrx_word' id='word_1_203' title='bbox 1091 3870 1311 3939; x_wconf 77' lang='lat' dir='ltr'><strong>effectu,</strong></span> <span class='ocrx_word' id='word_1_204' title='bbox 1350 3870 1451 3925; x_wconf 83' lang='lat' dir='ltr'><strong>sub</strong></span> <span class='ocrx_word' id='word_1_205' title='bbox 1488 3885 1668 3937; x_wconf 82' lang='lat' dir='ltr'><strong>poena</strong></span> <span class='ocrx_word' id='word_1_206' title='bbox 1693 3870 2276 3925; x_wconf 82' lang='lat' dir='ltr'><strong>excommunicationis</strong></span> <span class='ocrx_word' id='word_1_207' title='bbox 2311 3885 2410 3937; x_wconf 86' lang='lat' dir='ltr'><strong>per</strong></span> <span class='ocrx_word' id='word_1_208' title='bbox 2435 3870 2484 3923; x_wconf 90' lang='lat' dir='ltr'><strong>d.</strong></span> <span class='ocrx_word' id='word_1_209' title='bbox 2513 3884 2714 3937; x_wconf 84' lang='lat' dir='ltr'><strong>papam</strong></span> <span class='ocrx_word' id='word_1_210' title='bbox 2753 3876 2990 3937; x_wconf 83' lang='lat' dir='ltr'><strong>propter</strong></span> 
     </span>
    </p>
   </div>
   <div class='ocr_carea' id='block_1_12' title="bbox 594 3957 2988 4111">
    <p class='ocr_par' dir='ltr' id='par_1_13' title="bbox 594 3957 2988 4111">
     <span class='ocr_line' id='line_1_30' title="bbox 594 3957 1205 4013; baseline 0 -2"><span class='ocrx_word' id='word_1_211' title='bbox 594 3958 739 4013; x_wconf 82' lang='lat' dir='ltr'><strong>hanc</strong></span> <span class='ocrx_word' id='word_1_212' title='bbox 776 3972 999 4012; x_wconf 86' lang='lat' dir='ltr'><strong>causam</strong></span> <span class='ocrx_word' id='word_1_213' title='bbox 1034 3957 1205 4012; x_wconf 83' lang='lat' dir='ltr'><strong>latae.</strong></span> 
     </span>
     <span class='ocr_line' id='line_1_31' title="bbox 800 4041 2988 4111; baseline -0 -13"><span class='ocrx_word' id='word_1_214' title='bbox 800 4044 944 4098; x_wconf 84' lang='lat' dir='ltr'><strong>Item</strong></span> <span class='ocrx_word' id='word_1_215' title='bbox 990 4043 1197 4099; x_wconf 78' lang='lat' dir='ltr'><strong>statuit</strong></span> <span class='ocrx_word' id='word_1_216' title='bbox 1245 4051 1304 4099; x_wconf 87' lang='lat' dir='ltr'><strong>et</strong></span> <span class='ocrx_word' id='word_1_217' title='bbox 1352 4044 1538 4098; x_wconf 82' lang='lat' dir='ltr'><strong>literis</strong></span> <span class='ocrx_word' id='word_1_218' title='bbox 1589 4045 1706 4099; x_wconf 80' lang='lat' dir='ltr'><strong>suis</strong></span> <span class='ocrx_word' id='word_1_219' title='bbox 1759 4045 1908 4099; x_wconf 85' lang='lat' dir='ltr'><strong>idem</strong></span> <span class='ocrx_word' id='word_1_220' title='bbox 1945 4058 2042 4098; x_wconf 80' lang='lat' dir='ltr'><strong>rex</strong></span> <span class='ocrx_word' id='word_1_221' title='bbox 2079 4041 2335 4107; x_wconf 79' lang='lat' dir='ltr'><strong>firmavit,</strong></span> <span class='ocrx_word' id='word_1_222' title='bbox 2375 4050 2438 4097; x_wconf 89' lang='lat' dir='ltr'><strong>ut</strong></span> <span class='ocrx_word' id='word_1_223' title='bbox 2475 4042 2712 4111; x_wconf 83' lang='lat' dir='ltr'><strong>quilibet</strong></span> <span class='ocrx_word' id='word_1_224' title='bbox 2759 4060 2988 4099; x_wconf 85' lang='lat' dir='ltr'><strong>suorum</strong></span> 
     </span>
    </p>
   </div>
   <div class='ocr_carea' id='block_1_13' title="bbox 584 4129 2988 4381">
    <p class='ocr_par' dir='ltr' id='par_1_14' title="bbox 584 4129 2988 4381">
     <span class='ocr_line' id='line_1_32' title="bbox 593 4129 2988 4200; baseline 0 -16"><span class='ocrx_word' id='word_1_225' title='bbox 593 4146 985 4200; x_wconf 83' lang='lat' dir='ltr'><strong>successorum,</strong></span> <span class='ocrx_word' id='word_1_226' title='bbox 1042 4129 1131 4197; x_wconf 86' lang='lat' dir='ltr'><strong>qui</strong></span> <span class='ocrx_word' id='word_1_227' title='bbox 1190 4132 1381 4185; x_wconf 81' lang='lat' dir='ltr'><strong>eadem</strong></span> <span class='ocrx_word' id='word_1_228' title='bbox 1430 4146 1631 4185; x_wconf 86' lang='lat' dir='ltr'><strong>corona</strong></span> <span class='ocrx_word' id='word_1_229' title='bbox 1685 4132 1794 4187; x_wconf 89' lang='lat' dir='ltr'><strong>erit</strong></span> <span class='ocrx_word' id='word_1_230' title='bbox 1849 4130 2172 4199; x_wconf 81' lang='lat' dir='ltr'><strong>sequuturis</strong></span> <span class='ocrx_word' id='word_1_231' title='bbox 2221 4129 2562 4199; x_wconf 81' lang='lat' dir='ltr'><strong>temporibus</strong></span> <span class='ocrx_word' id='word_1_232' title='bbox 2611 4132 2988 4199; x_wconf 80' lang='lat' dir='ltr'><strong>coronandus,</strong></span> 
     </span>
     <span class='ocr_line' id='line_1_33' title="bbox 590 4216 2982 4287; baseline 0.001 -16"><span class='ocrx_word' id='word_1_233' title='bbox 590 4222 849 4273; x_wconf 83' lang='lat' dir='ltr'><strong>teneatur</strong></span> <span class='ocrx_word' id='word_1_234' title='bbox 894 4218 1110 4272; x_wconf 83' lang='lat' dir='ltr'><strong>solvere</strong></span> <span class='ocrx_word' id='word_1_235' title='bbox 1159 4217 1407 4285; x_wconf 85' lang='lat' dir='ltr'><strong>capitulo</strong></span> <span class='ocrx_word' id='word_1_236' title='bbox 1460 4218 1734 4287; x_wconf 79' lang='lat' dir='ltr'><strong>Pragensi</strong></span> <span class='ocrx_word' id='word_1_237' title='bbox 1789 4216 2008 4273; x_wconf 86' lang='lat' dir='ltr'><strong>ratione</strong></span> <span class='ocrx_word' id='word_1_238' title='bbox 2065 4216 2430 4271; x_wconf 83' lang='lat' dir='ltr'><strong>mutuationis</strong></span> <span class='ocrx_word' id='word_1_239' title='bbox 2485 4216 2672 4272; x_wconf 79' lang='lat' dir='ltr'><strong>dictae</strong></span> <span class='ocrx_word' id='word_1_240' title='bbox 2735 4234 2982 4274; x_wconf 81' lang='lat' dir='ltr'><strong>coronae</strong></span> 
     </span>
     <span class='ocr_line' id='line_1_34' title="bbox 584 4303 2982 4381; baseline -0 -18"><span class='ocrx_word' id='word_1_241' title='bbox 584 4304 717 4363; x_wconf 85' lang='lat' dir='ltr'><strong>CCC</strong></span> <span class='ocrx_word' id='word_1_242' title='bbox 757 4320 871 4361; x_wconf 80' lang='lat' dir='ltr'><strong>sex.</strong></span> <span class='ocrx_word' id='word_1_243' title='bbox 911 4303 1075 4375; x_wconf 80' lang='lat' dir='ltr'><strong>Prag.</strong></span> <span class='ocrx_word' id='word_1_244' title='bbox 1118 4304 1175 4363; x_wconf 89' lang='lat' dir='ltr'><strong>in</strong></span> <span class='ocrx_word' id='word_1_245' title='bbox 1214 4305 1523 4365; x_wconf 76' lang='lat' dir='ltr'><strong>utilitatem</strong></span> <span class='ocrx_word' id='word_1_246' title='bbox 1560 4304 1832 4364; x_wconf 83' lang='lat' dir='ltr'><strong>ecelesiae</strong></span> <span class='ocrx_word' id='word_1_247' title='bbox 1858 4312 1918 4361; x_wconf 85' lang='lat' dir='ltr'><strong>et</strong></span> <span class='ocrx_word' id='word_1_248' title='bbox 1944 4304 2179 4373; x_wconf 79' lang='lat' dir='ltr'><strong>capituli</strong></span> <span class='ocrx_word' id='word_1_249' title='bbox 2206 4304 2606 4363; x_wconf 80' lang='lat' dir='ltr'><strong>convertendas</strong></span> <span class='ocrx_word' id='word_1_250' title='bbox 2645 4308 2796 4379; x_wconf 70' lang='lat' dir='ltr'><strong>(Bon.</strong></span> <span class='ocrx_word' id='word_1_251' title='bbox 2825 4309 2982 4381; x_wconf 68' lang='lat' dir='ltr'><strong>ma.)</strong></span> 
     </span>
    </p>
   </div>
   <div class='ocr_carea' id='block_1_14' title="bbox 3197 4256 3208 4863">
    <p class='ocr_par' dir='ltr' id='par_1_15' title="bbox 3197 4256 3208 4863">
     <span class='ocr_line' id='line_1_35' title="bbox 3197 4256 3208 4863; baseline 0 0"><span class='ocrx_word' id='word_1_252' title='bbox 3197 4256 3208 4863; x_wconf 95' lang='lat' dir='ltr'><strong> </strong></span> 
     </span>
    </p>
   </div>
  </div>
 </body>
</html>
