<?xml version="1.0" encoding="UTF-8"?>
<!DOCTYPE html PUBLIC "-//W3C//DTD XHTML 1.0 Transitional//EN"
    "http://www.w3.org/TR/xhtml1/DTD/xhtml1-transitional.dtd">
<html xmlns="http://www.w3.org/1999/xhtml" xml:lang="en" lang="en">
 <head>
  <title>
</title>
<meta http-equiv="Content-Type" content="text/html;charset=utf-8" />
  <meta name='ocr-system' content='tesseract 3.04.00' />
  <meta name='ocr-capabilities' content='ocr_page ocr_carea ocr_par ocr_line ocrx_word'/>
</head>
<body>
  <div class='ocr_page' id='page_1' title='image "./codexjurisbohem00bohegoog_0431.png"; bbox 0 0 3288 4973; ppageno 0'>
   <div class='ocr_carea' id='block_1_1' title="bbox 1442 338 1828 399">
    <p class='ocr_par' dir='ltr' id='par_1_1' title="bbox 1442 338 1828 399">
     <span class='ocr_line' id='line_1_1' title="bbox 1442 338 1828 399; baseline -0.01 1"><span class='ocrx_word' id='word_1_1' title='bbox 1442 338 1828 399; x_wconf 83' lang='lat'>-417-</span> 
     </span>
    </p>
   </div>
   <div class='ocr_carea' id='block_1_2' title="bbox 423 540 2825 1036">
    <p class='ocr_par' dir='ltr' id='par_1_2' title="bbox 423 540 2825 827">
     <span class='ocr_line' id='line_1_2' title="bbox 430 540 2825 623; baseline 0.004 -20"><span class='ocrx_word' id='word_1_2' title='bbox 430 556 775 619; x_wconf 86' lang='lat' dir='ltr'><strong>consensu,</strong></span> <span class='ocrx_word' id='word_1_3' title='bbox 824 540 1240 608; x_wconf 86' lang='lat' dir='ltr'><strong>ratificantes</strong></span> <span class='ocrx_word' id='word_1_4' title='bbox 1286 559 1365 605; x_wconf 92' lang='lat' dir='ltr'><strong>ac</strong></span> <span class='ocrx_word' id='word_1_5' title='bbox 1413 549 1565 609; x_wconf 86' lang='lat' dir='ltr'><strong>rata</strong></span> <span class='ocrx_word' id='word_1_6' title='bbox 1626 548 1844 607; x_wconf 87' lang='lat' dir='ltr'><strong>omnia</strong></span> <span class='ocrx_word' id='word_1_7' title='bbox 1905 552 1976 607; x_wconf 85' lang='lat' dir='ltr'><strong>et</strong></span> <span class='ocrx_word' id='word_1_8' title='bbox 2035 543 2298 623; x_wconf 85' lang='lat' dir='ltr'><strong>singula</strong></span> <span class='ocrx_word' id='word_1_9' title='bbox 2365 544 2692 611; x_wconf 85' lang='lat' dir='ltr'><strong>habentes</strong></span> <span class='ocrx_word' id='word_1_10' title='bbox 2755 553 2825 612; x_wconf 87' lang='lat' dir='ltr'><strong>et</strong></span> 
     </span>
     <span class='ocr_line' id='line_1_3' title="bbox 423 644 2822 724; baseline 0.004 -18"><span class='ocrx_word' id='word_1_11' title='bbox 423 652 636 724; x_wconf 86' lang='lat' dir='ltr'><strong>grata,</strong></span> <span class='ocrx_word' id='word_1_12' title='bbox 680 649 982 709; x_wconf 87' lang='lat' dir='ltr'><strong>nostrum</strong></span> <span class='ocrx_word' id='word_1_13' title='bbox 1030 644 1129 709; x_wconf 91' lang='lat' dir='ltr'><strong>eis</strong></span> <span class='ocrx_word' id='word_1_14' title='bbox 1175 646 1570 711; x_wconf 87' lang='lat' dir='ltr'><strong>benevolum</strong></span> <span class='ocrx_word' id='word_1_15' title='bbox 1616 645 2016 712; x_wconf 80' lang='lat' dir='ltr'><strong>adhibentes</strong></span> <span class='ocrx_word' id='word_1_16' title='bbox 2065 652 2136 711; x_wconf 89' lang='lat' dir='ltr'><strong>et</strong></span> <span class='ocrx_word' id='word_1_17' title='bbox 2173 666 2254 712; x_wconf 86' lang='lat' dir='ltr'><strong>ex</strong></span> <span class='ocrx_word' id='word_1_18' title='bbox 2302 655 2490 715; x_wconf 86' lang='lat' dir='ltr'><strong>certa</strong></span> <span class='ocrx_word' id='word_1_19' title='bbox 2537 650 2822 717; x_wconf 89' lang='lat' dir='ltr'><strong>scientia</strong></span> 
     </span>
     <span class='ocr_line' id='line_1_4' title="bbox 428 747 1658 827; baseline 0.002 -16"><span class='ocrx_word' id='word_1_20' title='bbox 428 764 815 812; x_wconf 87' lang='lat' dir='ltr'><strong>consensum</strong></span> <span class='ocrx_word' id='word_1_21' title='bbox 868 747 1125 827; x_wconf 87' lang='lat' dir='ltr'><strong>pariter</strong></span> <span class='ocrx_word' id='word_1_22' title='bbox 1171 752 1241 814; x_wconf 91' lang='lat' dir='ltr'><strong>et</strong></span> <span class='ocrx_word' id='word_1_23' title='bbox 1286 766 1658 816; x_wconf 79' lang='lat' dir='ltr'><strong>assensum.</strong></span> 
     </span>
    </p>

    <p class='ocr_par' dir='ltr' id='par_1_3' title="bbox 428 850 2820 1036">
     <span class='ocr_line' id='line_1_5' title="bbox 632 850 2820 933; baseline 0.002 -15"><span class='ocrx_word' id='word_1_24' title='bbox 632 851 713 918; x_wconf 96' lang='lat' dir='ltr'><strong>In</strong></span> <span class='ocrx_word' id='word_1_25' title='bbox 762 850 952 933; x_wconf 86' lang='lat' dir='ltr'><strong>cujus</strong></span> <span class='ocrx_word' id='word_1_26' title='bbox 1000 852 1099 917; x_wconf 86' lang='lat' dir='ltr'><strong>rei</strong></span> <span class='ocrx_word' id='word_1_27' title='bbox 1144 853 1601 919; x_wconf 90' lang='lat' dir='ltr'><strong>testimonium</strong></span> <span class='ocrx_word' id='word_1_28' title='bbox 1634 858 2026 933; x_wconf 80' lang='lat' dir='ltr'><strong>praesentes</strong></span> <span class='ocrx_word' id='word_1_29' title='bbox 2059 855 2206 921; x_wconf 90' lang='lat' dir='ltr'><strong>fieri</strong></span> <span class='ocrx_word' id='word_1_30' title='bbox 2237 856 2468 923; x_wconf 87' lang='lat' dir='ltr'><strong>literas</strong></span> <span class='ocrx_word' id='word_1_31' title='bbox 2505 863 2575 924; x_wconf 91' lang='lat' dir='ltr'><strong>et</strong></span> <span class='ocrx_word' id='word_1_32' title='bbox 2605 858 2820 924; x_wconf 90' lang='lat' dir='ltr'><strong>nostri</strong></span> 
     </span>
     <span class='ocr_line' id='line_1_6' title="bbox 428 953 1854 1036; baseline 0.004 -17"><span class='ocrx_word' id='word_1_33' title='bbox 428 953 626 1036; x_wconf 86' lang='lat' dir='ltr'><strong>sigilli</strong></span> <span class='ocrx_word' id='word_1_34' title='bbox 672 954 1083 1036; x_wconf 82' lang='lat' dir='ltr'><strong>appensione</strong></span> <span class='ocrx_word' id='word_1_35' title='bbox 1127 955 1403 1023; x_wconf 83' lang='lat' dir='ltr'><strong>fecimus</strong></span> <span class='ocrx_word' id='word_1_36' title='bbox 1449 958 1854 1025; x_wconf 89' lang='lat' dir='ltr'><strong>communiri.</strong></span> 
     </span>
    </p>
   </div>
   <div class='ocr_carea' id='block_1_3' title="bbox 427 1084 2816 1271">
    <p class='ocr_par' dir='ltr' id='par_1_4' title="bbox 427 1084 2816 1271">
     <span class='ocr_line' id='line_1_7' title="bbox 637 1084 2816 1175; baseline 0.004 -25"><span class='ocrx_word' id='word_1_37' title='bbox 637 1085 881 1151; x_wconf 89' lang='lat' dir='ltr'><strong>Datum</strong></span> <span class='ocrx_word' id='word_1_38' title='bbox 927 1084 1423 1173; x_wconf 88' lang='lat' dir='ltr'><strong>Norembergae</strong></span> <span class='ocrx_word' id='word_1_39' title='bbox 1467 1108 1525 1155; x_wconf 89' lang='lat' dir='ltr'><strong>a.</strong></span> <span class='ocrx_word' id='word_1_40' title='bbox 1570 1090 1652 1153; x_wconf 91' lang='lat' dir='ltr'><strong>D.</strong></span> <span class='ocrx_word' id='word_1_41' title='bbox 1705 1094 1869 1155; x_wconf 85' lang='lat'>1356</span> <span class='ocrx_word' id='word_1_42' title='bbox 1916 1089 1988 1154; x_wconf 93' lang='lat' dir='ltr'><strong>in</strong></span> <span class='ocrx_word' id='word_1_43' title='bbox 2033 1090 2329 1157; x_wconf 89' lang='lat' dir='ltr'><strong>crastino</strong></span> <span class='ocrx_word' id='word_1_44' title='bbox 2391 1091 2816 1175; x_wconf 84' lang='lat' dir='ltr'><strong>Epiphaniae</strong></span> 
     </span>
     <span class='ocr_line' id='line_1_8' title="bbox 427 1190 742 1271; baseline 0.01 -18"><span class='ocrx_word' id='word_1_45' title='bbox 427 1190 742 1271; x_wconf 87' lang='lat' dir='ltr'><strong>ejusdem.</strong></span> 
     </span>
    </p>
   </div>
   <div class='ocr_carea' id='block_1_4' title="bbox 428 1319 2818 1508">
    <p class='ocr_par' dir='ltr' id='par_1_5' title="bbox 428 1319 2818 1508">
     <span class='ocr_line' id='line_1_9' title="bbox 630 1319 2818 1409; baseline 0.003 -20"><span class='ocrx_word' id='word_1_46' title='bbox 630 1319 751 1405; x_wconf 86' lang='lat' dir='ltr'><strong>(A.</strong></span> <span class='ocrx_word' id='word_1_47' title='bbox 801 1320 897 1389; x_wconf 86' lang='lat' dir='ltr'><strong>K.</strong></span> <span class='ocrx_word' id='word_1_48' title='bbox 943 1358 1029 1370; x_wconf 92' lang='lat'><strong>-—</strong></span> <span class='ocrx_word' id='word_1_49' title='bbox 1080 1320 1322 1385; x_wconf 81' lang='lat' dir='ltr'><strong>Balbin</strong></span> <span class='ocrx_word' id='word_1_50' title='bbox 1363 1321 1539 1390; x_wconf 88' lang='lat' dir='ltr'><strong><em>VIII.</em></strong></span> <span class='ocrx_word' id='word_1_51' title='bbox 1571 1325 1676 1389; x_wconf 82' lang='lat'><strong>64.</strong></span> <span class='ocrx_word' id='word_1_52' title='bbox 1709 1359 1793 1371; x_wconf 93' lang='lat'>-</span> <span class='ocrx_word' id='word_1_53' title='bbox 1825 1322 2106 1388; x_wconf 71' lang='lat' dir='ltr'><strong>Goldast</strong></span> <span class='ocrx_word' id='word_1_54' title='bbox 2135 1323 2372 1409; x_wconf 73' lang='lat' dir='ltr'><strong>Sappl.</strong></span> <span class='ocrx_word' id='word_1_55' title='bbox 2409 1325 2818 1395; x_wconf 89' lang='lat' dir='ltr'><strong><em>XLVIII.—</em></strong></span> 
     </span>
     <span class='ocr_line' id='line_1_10' title="bbox 428 1422 979 1508; baseline 0.013 -23"><span class='ocrx_word' id='word_1_56' title='bbox 428 1422 689 1487; x_wconf 72' lang='lat' dir='ltr'><strong>Brandl</strong></span> <span class='ocrx_word' id='word_1_57' title='bbox 732 1425 844 1491; x_wconf 88' lang='lat' dir='ltr'><strong>IX.</strong></span> <span class='ocrx_word' id='word_1_58' title='bbox 890 1426 979 1508; x_wconf 89' lang='lat'><strong>1.)</strong></span> 
     </span>
    </p>
   </div>
   <div class='ocr_carea' id='block_1_5' title="bbox 418 1612 2816 1813">
    <p class='ocr_par' dir='ltr' id='par_1_6' title="bbox 418 1612 2816 1813">
     <span class='ocr_line' id='line_1_11' title="bbox 626 1612 2811 1706; baseline 0.005 -25"><span class='ocrx_word' id='word_1_59' title='bbox 626 1615 778 1682; x_wconf 81' lang='lat'><strong>390.</strong></span> <span class='ocrx_word' id='word_1_60' title='bbox 830 1612 1433 1685; x_wconf 70' lang='lat' dir='ltr'><strong>constitutiones</strong></span> <span class='ocrx_word' id='word_1_61' title='bbox 1479 1614 1752 1687; x_wconf 88' lang='lat' dir='ltr'><strong>Bullae</strong></span> <span class='ocrx_word' id='word_1_62' title='bbox 1796 1617 2097 1688; x_wconf 81' lang='lat' dir='ltr'><strong>Aureae</strong></span> <span class='ocrx_word' id='word_1_63' title='bbox 2145 1638 2405 1706; x_wconf 81' lang='lat' dir='ltr'><strong>regem</strong></span> <span class='ocrx_word' id='word_1_64' title='bbox 2451 1619 2811 1691; x_wconf 86' lang='lat' dir='ltr'><strong>Boemiae</strong></span> 
     </span>
     <span class='ocr_line' id='line_1_12' title="bbox 418 1716 2816 1813; baseline 0.005 -30"><span class='ocrx_word' id='word_1_65' title='bbox 418 1720 505 1783; x_wconf 88' lang='lat' dir='ltr'><strong>ut</strong></span> <span class='ocrx_word' id='word_1_66' title='bbox 566 1716 883 1804; x_wconf 89' lang='lat' dir='ltr'><strong>Imperii</strong></span> <span class='ocrx_word' id='word_1_67' title='bbox 948 1716 1609 1805; x_wconf 83' lang='lat' dir='ltr'><strong>archipincernam</strong></span> <span class='ocrx_word' id='word_1_68' title='bbox 1669 1740 1757 1791; x_wconf 85' lang='lat' dir='ltr'><strong>ac</strong></span> <span class='ocrx_word' id='word_1_69' title='bbox 1818 1722 2230 1792; x_wconf 79' lang='lat' dir='ltr'><strong>electorem</strong></span> <span class='ocrx_word' id='word_1_70' title='bbox 2287 1744 2576 1795; x_wconf 82' lang='lat' dir='ltr'><strong>necnon</strong></span> <span class='ocrx_word' id='word_1_71' title='bbox 2631 1724 2816 1813; x_wconf 86' lang='lat' dir='ltr'><strong>jura</strong></span> 
     </span>
    </p>
   </div>
   <div class='ocr_carea' id='block_1_6' title="bbox 418 1822 2330 2037">
    <p class='ocr_par' dir='ltr' id='par_1_7' title="bbox 418 1822 2330 2037">
     <span class='ocr_line' id='line_1_13' title="bbox 418 1822 1526 1909; baseline 0.004 -20"><span class='ocrx_word' id='word_1_72' title='bbox 418 1822 645 1909; x_wconf 83' lang='lat' dir='ltr'><strong>regni</strong></span> <span class='ocrx_word' id='word_1_73' title='bbox 694 1823 1053 1893; x_wconf 87' lang='lat' dir='ltr'><strong>Boemiae</strong></span> <span class='ocrx_word' id='word_1_74' title='bbox 1096 1826 1526 1909; x_wconf 78' lang='lat' dir='ltr'><strong>tangentes,</strong></span> 
     </span>
     <span class='ocr_line' id='line_1_14' title="bbox 856 1945 2330 2037; baseline 0.003 -23"><span class='ocrx_word' id='word_1_75' title='bbox 856 1981 865 1991; x_wconf 94' lang='lat'><strong>·</strong></span> <span class='ocrx_word' id='word_1_76' title='bbox 904 1946 1098 2029; x_wconf 80' lang='lat'>1356,</span> <span class='ocrx_word' id='word_1_77' title='bbox 1146 1948 1252 2014; x_wconf 82' lang='lat'><strong>10.</strong></span> <span class='ocrx_word' id='word_1_78' title='bbox 1300 1945 1679 2017; x_wconf 83' lang='lat' dir='ltr'><strong>Januarii.</strong></span> <span class='ocrx_word' id='word_1_79' title='bbox 1728 1948 2330 2037; x_wconf 83' lang='lat' dir='ltr'><strong>(Nuremberga.)</strong></span> 
     </span>
    </p>
   </div>
   <div class='ocr_carea' id='block_1_7' title="bbox 457 2088 2764 2175">
    <p class='ocr_par' dir='ltr' id='par_1_8' title="bbox 457 2088 2764 2175">
     <span class='ocr_line' id='line_1_15' title="bbox 457 2088 2764 2175; baseline 0 -18"><span class='ocrx_word' id='word_1_80' title='bbox 457 2090 676 2171; x_wconf 87' lang='lat' dir='ltr'><strong>Caput</strong></span> <span class='ocrx_word' id='word_1_81' title='bbox 714 2088 858 2155; x_wconf 92' lang='lat' dir='ltr'><strong>VII.</strong></span> <span class='ocrx_word' id='word_1_82' title='bbox 901 2089 1014 2154; x_wconf 92' lang='lat' dir='ltr'><strong>De</strong></span> <span class='ocrx_word' id='word_1_83' title='bbox 1060 2090 1630 2157; x_wconf 88' lang='lat' dir='ltr'><strong>successione</strong></span> <span class='ocrx_word' id='word_1_84' title='bbox 1679 2091 2159 2173; x_wconf 85' lang='lat' dir='ltr'><strong>principum</strong></span> <span class='ocrx_word' id='word_1_85' title='bbox 2213 2090 2764 2175; x_wconf 85' lang='lat' dir='ltr'><strong>(electorum).</strong></span> 
     </span>
    </p>
   </div>
   <div class='ocr_carea' id='block_1_8' title="bbox 380 2221 2804 4386">
    <p class='ocr_par' dir='ltr' id='par_1_9' title="bbox 400 2221 2804 3244">
     <span class='ocr_line' id='line_1_16' title="bbox 620 2221 2800 2304; baseline 0.001 -19"><span class='ocrx_word' id='word_1_86' title='bbox 620 2222 813 2287; x_wconf 86' lang='lat' dir='ltr'><strong>Inter</strong></span> <span class='ocrx_word' id='word_1_87' title='bbox 880 2221 1361 2287; x_wconf 81' lang='lat' dir='ltr'><strong>sollicitudines</strong></span> <span class='ocrx_word' id='word_1_88' title='bbox 1439 2222 1589 2287; x_wconf 88' lang='lat' dir='ltr'><strong>illas</strong></span> <span class='ocrx_word' id='word_1_89' title='bbox 1667 2222 2063 2298; x_wconf 87' lang='lat' dir='ltr'><strong>innumeras,</strong></span> <span class='ocrx_word' id='word_1_90' title='bbox 2136 2223 2372 2302; x_wconf 85' lang='lat' dir='ltr'><strong>quibus</strong></span> <span class='ocrx_word' id='word_1_91' title='bbox 2444 2242 2562 2304; x_wconf 91' lang='lat' dir='ltr'><strong>pro</strong></span> <span class='ocrx_word' id='word_1_92' title='bbox 2619 2224 2800 2290; x_wconf 87' lang='lat' dir='ltr'><strong>felici</strong></span> 
     </span>
     <span class='ocr_line' id='line_1_17' title="bbox 412 2324 2804 2409; baseline 0.001 -19"><span class='ocrx_word' id='word_1_93' title='bbox 412 2332 595 2390; x_wconf 88' lang='lat' dir='ltr'><strong>statu</strong></span> <span class='ocrx_word' id='word_1_94' title='bbox 645 2327 825 2391; x_wconf 88' lang='lat' dir='ltr'><strong>sacri</strong></span> <span class='ocrx_word' id='word_1_95' title='bbox 877 2324 1166 2407; x_wconf 89' lang='lat' dir='ltr'><strong>Imperii,</strong></span> <span class='ocrx_word' id='word_1_96' title='bbox 1213 2326 1320 2391; x_wconf 91' lang='lat' dir='ltr'><strong>cui</strong></span> <span class='ocrx_word' id='word_1_97' title='bbox 1365 2332 1642 2392; x_wconf 86' lang='lat' dir='ltr'><strong>auctore</strong></span> <span class='ocrx_word' id='word_1_98' title='bbox 1691 2326 1968 2392; x_wconf 87' lang='lat' dir='ltr'><strong>Domino</strong></span> <span class='ocrx_word' id='word_1_99' title='bbox 2010 2326 2300 2393; x_wconf 66' lang='lat' dir='ltr'><strong>feliciter</strong></span> <span class='ocrx_word' id='word_1_100' title='bbox 2329 2328 2804 2409; x_wconf 78' lang='lat' dir='ltr'><strong>praesidemuS‚</strong></span> 
     </span>
     <span class='ocr_line' id='line_1_18' title="bbox 412 2429 2804 2515; baseline 0.003 -20"><span class='ocrx_word' id='word_1_101' title='bbox 412 2448 525 2496; x_wconf 90' lang='lat' dir='ltr'><strong>cor</strong></span> <span class='ocrx_word' id='word_1_102' title='bbox 577 2436 879 2497; x_wconf 86' lang='lat' dir='ltr'><strong>nostrum</strong></span> <span class='ocrx_word' id='word_1_103' title='bbox 946 2430 1242 2510; x_wconf 76' lang='lat' dir='ltr'><strong>quotidie</strong></span> <span class='ocrx_word' id='word_1_104' title='bbox 1302 2429 1641 2513; x_wconf 82' lang='lat' dir='ltr'><strong>fatigatur,</strong></span> <span class='ocrx_word' id='word_1_105' title='bbox 1702 2433 1787 2498; x_wconf 89' lang='lat' dir='ltr'><strong>ad</strong></span> <span class='ocrx_word' id='word_1_106' title='bbox 1848 2432 1973 2498; x_wconf 91' lang='lat' dir='ltr'><strong>hoc</strong></span> <span class='ocrx_word' id='word_1_107' title='bbox 2036 2432 2393 2515; x_wconf 87' lang='lat' dir='ltr'><strong>praecipue</strong></span> <span class='ocrx_word' id='word_1_108' title='bbox 2457 2433 2804 2501; x_wconf 85' lang='lat' dir='ltr'><strong>meditatio</strong></span> 
     </span>
     <span class='ocr_line' id='line_1_19' title="bbox 410 2535 2802 2619; baseline 0.002 -21"><span class='ocrx_word' id='word_1_109' title='bbox 410 2541 642 2600; x_wconf 84' lang='lat' dir='ltr'><strong>nostra</strong></span> <span class='ocrx_word' id='word_1_110' title='bbox 706 2535 1037 2618; x_wconf 86' lang='lat' dir='ltr'><strong>dirigitur,</strong></span> <span class='ocrx_word' id='word_1_111' title='bbox 1106 2535 1401 2616; x_wconf 85' lang='lat' dir='ltr'><strong>qualiter</strong></span> <span class='ocrx_word' id='word_1_112' title='bbox 1444 2536 1830 2602; x_wconf 86' lang='lat' dir='ltr'><strong>desiderata</strong></span> <span class='ocrx_word' id='word_1_113' title='bbox 1877 2537 1931 2602; x_wconf 71' lang='grc' dir='ltr'><strong>ὣ</strong></span> <span class='ocrx_word' id='word_1_114' title='bbox 1979 2539 2267 2604; x_wconf 87' lang='lat' dir='ltr'><strong>salubris</strong></span> <span class='ocrx_word' id='word_1_115' title='bbox 2324 2557 2586 2619; x_wconf 89' lang='lat' dir='ltr'><strong>semper</strong></span> <span class='ocrx_word' id='word_1_116' title='bbox 2647 2541 2802 2606; x_wconf 90' lang='lat' dir='ltr'><strong>unio</strong></span> 
     </span>
     <span class='ocr_line' id='line_1_20' title="bbox 406 2638 2800 2724; baseline 0.003 -22"><span class='ocrx_word' id='word_1_117' title='bbox 406 2639 586 2704; x_wconf 89' lang='lat' dir='ltr'><strong>inter</strong></span> <span class='ocrx_word' id='word_1_118' title='bbox 632 2638 813 2705; x_wconf 87' lang='lat' dir='ltr'><strong>sacri</strong></span> <span class='ocrx_word' id='word_1_119' title='bbox 858 2639 1128 2721; x_wconf 90' lang='lat' dir='ltr'><strong>Imperii</strong></span> <span class='ocrx_word' id='word_1_120' title='bbox 1178 2640 1509 2721; x_wconf 86' lang='lat' dir='ltr'><strong>principes</strong></span> <span class='ocrx_word' id='word_1_121' title='bbox 1557 2642 1888 2708; x_wconf 88' lang='lat' dir='ltr'><strong>electores</strong></span> <span class='ocrx_word' id='word_1_122' title='bbox 1926 2641 2181 2724; x_wconf 83' lang='lat' dir='ltr'><strong>jugiter</strong></span> <span class='ocrx_word' id='word_1_123' title='bbox 2226 2643 2452 2724; x_wconf 84' lang='lat' dir='ltr'><strong>vigeat</strong></span> <span class='ocrx_word' id='word_1_124' title='bbox 2505 2643 2557 2708; x_wconf 66' lang='grc' dir='ltr'><strong>ἅ</strong></span> <span class='ocrx_word' id='word_1_125' title='bbox 2600 2645 2800 2709; x_wconf 87' lang='lat' dir='ltr'><strong>corda</strong></span> 
     </span>
     <span class='ocr_line' id='line_1_21' title="bbox 408 2743 2798 2830; baseline 0.002 -22"><span class='ocrx_word' id='word_1_126' title='bbox 408 2761 633 2808; x_wconf 87' lang='lat' dir='ltr'><strong>eorum</strong></span> <span class='ocrx_word' id='word_1_127' title='bbox 680 2743 749 2808; x_wconf 91' lang='lat' dir='ltr'><strong>in</strong></span> <span class='ocrx_word' id='word_1_128' title='bbox 799 2762 1103 2811; x_wconf 86' lang='lat' dir='ltr'><strong>smcerae</strong></span> <span class='ocrx_word' id='word_1_129' title='bbox 1150 2745 1505 2826; x_wconf 73' lang='lat' dir='ltr'><strong>charitatis</strong></span> <span class='ocrx_word' id='word_1_130' title='bbox 1554 2747 1908 2811; x_wconf 87' lang='lat' dir='ltr'><strong>concordia</strong></span> <span class='ocrx_word' id='word_1_131' title='bbox 1961 2757 2463 2830; x_wconf 87' lang='lat' dir='ltr'><strong>conserventur,</strong></span> <span class='ocrx_word' id='word_1_132' title='bbox 2523 2766 2798 2828; x_wconf 87' lang='lat' dir='ltr'><strong>quorum</strong></span> 
     </span>
     <span class='ocr_line' id='line_1_22' title="bbox 408 2847 2797 2934; baseline 0.003 -23"><span class='ocrx_word' id='word_1_133' title='bbox 408 2847 835 2927; x_wconf 83' lang='lat' dir='ltr'><strong>providentia</strong></span> <span class='ocrx_word' id='word_1_134' title='bbox 884 2866 999 2912; x_wconf 89' lang='lat' dir='ltr'><strong>suo</strong></span> <span class='ocrx_word' id='word_1_135' title='bbox 1048 2855 1343 2930; x_wconf 87' lang='lat' dir='ltr'><strong>tempore</strong></span> <span class='ocrx_word' id='word_1_136' title='bbox 1392 2849 1538 2913; x_wconf 88' lang='lat' dir='ltr'><strong>orbi</strong></span> <span class='ocrx_word' id='word_1_137' title='bbox 1582 2849 1936 2916; x_wconf 85' lang='lat' dir='ltr'><strong>fluctuanti</strong></span> <span class='ocrx_word' id='word_1_138' title='bbox 1982 2856 2173 2918; x_wconf 89' lang='lat' dir='ltr'><strong>tanto</strong></span> <span class='ocrx_word' id='word_1_139' title='bbox 2222 2853 2523 2934; x_wconf 73' lang='lat' dir='ltr'><strong>celeriuS‚</strong></span> <span class='ocrx_word' id='word_1_140' title='bbox 2580 2859 2797 2917; x_wconf 80' lang='lat' dir='ltr'><strong>tanto-</strong></span> 
     </span>
     <span class='ocr_line' id='line_1_23' title="bbox 405 2951 2798 3034; baseline 0.003 -17"><span class='ocrx_word' id='word_1_141' title='bbox 405 2970 529 3030; x_wconf 93' lang='lat' dir='ltr'><strong>que</strong></span> <span class='ocrx_word' id='word_1_142' title='bbox 596 2951 861 3017; x_wconf 88' lang='lat' dir='ltr'><strong>facilius</strong></span> <span class='ocrx_word' id='word_1_143' title='bbox 922 2953 1334 3034; x_wconf 85' lang='lat' dir='ltr'><strong>subvenitur‚</strong></span> <span class='ocrx_word' id='word_1_144' title='bbox 1414 2958 1661 3034; x_wconf 87' lang='lat' dir='ltr'><strong>quanto</strong></span> <span class='ocrx_word' id='word_1_145' title='bbox 1721 2955 1901 3021; x_wconf 88' lang='lat' dir='ltr'><strong>inter</strong></span> <span class='ocrx_word' id='word_1_146' title='bbox 1958 2974 2070 3020; x_wconf 91' lang='lat' dir='ltr'><strong>eos</strong></span> <span class='ocrx_word' id='word_1_147' title='bbox 2129 2957 2351 3022; x_wconf 90' lang='lat' dir='ltr'><strong>nullus</strong></span> <span class='ocrx_word' id='word_1_148' title='bbox 2411 2975 2597 3021; x_wconf 90' lang='lat' dir='ltr'><strong>error</strong></span> <span class='ocrx_word' id='word_1_149' title='bbox 2659 2975 2798 3023; x_wconf 90' lang='lat' dir='ltr'><strong>sur-</strong></span> 
     </span>
     <span class='ocr_line' id='line_1_24' title="bbox 400 3055 2799 3141; baseline 0.003 -21"><span class='ocrx_word' id='word_1_150' title='bbox 400 3057 695 3137; x_wconf 88' lang='lat' dir='ltr'><strong>repserit</strong></span> <span class='ocrx_word' id='word_1_151' title='bbox 744 3055 801 3122; x_wconf 65' lang='lat'><strong>&amp;0</strong></span> <span class='ocrx_word' id='word_1_152' title='bbox 847 3056 1077 3138; x_wconf 81' lang='lat' dir='ltr'><strong>purior</strong></span> <span class='ocrx_word' id='word_1_153' title='bbox 1116 3055 1321 3123; x_wconf 85' lang='lat' dir='ltr'><strong>fuerit</strong></span> <span class='ocrx_word' id='word_1_154' title='bbox 1371 3059 1667 3124; x_wconf 87' lang='lat' dir='ltr'><strong>charitas</strong></span> <span class='ocrx_word' id='word_1_155' title='bbox 1701 3059 2058 3141; x_wconf 87' lang='lat' dir='ltr'><strong>custodita,</strong></span> <span class='ocrx_word' id='word_1_156' title='bbox 2090 3061 2506 3126; x_wconf 87' lang='lat' dir='ltr'><strong>obscuritate</strong></span> <span class='ocrx_word' id='word_1_157' title='bbox 2537 3063 2799 3128; x_wconf 88' lang='lat' dir='ltr'><strong>succisa</strong></span> 
     </span>
     <span class='ocr_line' id='line_1_25' title="bbox 400 3159 1806 3244; baseline 0.003 -19"><span class='ocrx_word' id='word_1_158' title='bbox 400 3161 457 3225; x_wconf 69' lang='lat' dir='ltr'><strong>dt</strong></span> <span class='ocrx_word' id='word_1_159' title='bbox 496 3161 647 3244; x_wconf 89' lang='lat' dir='ltr'><strong>jure</strong></span> <span class='ocrx_word' id='word_1_160' title='bbox 698 3159 1061 3242; x_wconf 85' lang='lat' dir='ltr'><strong>cujuslibet</strong></span> <span class='ocrx_word' id='word_1_161' title='bbox 1106 3161 1395 3228; x_wconf 86' lang='lat' dir='ltr'><strong>dilucide</strong></span> <span class='ocrx_word' id='word_1_162' title='bbox 1444 3164 1806 3229; x_wconf 84' lang='lat' dir='ltr'><strong>declarate.</strong></span> 
     </span>
    </p>

    <p class='ocr_par' dir='ltr' id='par_1_10' title="bbox 380 3265 2793 4386">
     <span class='ocr_line' id='line_1_26' title="bbox 609 3265 2793 3350; baseline 0.001 -20"><span class='ocrx_word' id='word_1_163' title='bbox 609 3265 785 3330; x_wconf 86' lang='lat' dir='ltr'><strong>Sane</strong></span> <span class='ocrx_word' id='word_1_164' title='bbox 850 3265 1255 3344; x_wconf 80' lang='lat' dir='ltr'><strong>generaliter</strong></span> <span class='ocrx_word' id='word_1_165' title='bbox 1318 3267 1515 3350; x_wconf 87' lang='lat' dir='ltr'><strong>longe</strong></span> <span class='ocrx_word' id='word_1_166' title='bbox 1593 3267 1862 3347; x_wconf 84' lang='lat' dir='ltr'><strong>lateque</strong></span> <span class='ocrx_word' id='word_1_167' title='bbox 1925 3273 2033 3333; x_wconf 87' lang='lat' dir='ltr'><strong>est</strong></span> <span class='ocrx_word' id='word_1_168' title='bbox 2093 3269 2424 3348; x_wconf 90' lang='lat' dir='ltr'><strong>publicum</strong></span> <span class='ocrx_word' id='word_1_169' title='bbox 2486 3269 2540 3332; x_wconf 66' lang='lat' dir='ltr'><strong>Sc</strong></span> <span class='ocrx_word' id='word_1_170' title='bbox 2601 3270 2793 3350; x_wconf 78' lang='lat' dir='ltr'><strong>quasi</strong></span> 
     </span>
     <span class='ocr_line' id='line_1_27' title="bbox 396 3370 2790 3455; baseline 0.002 -21"><span class='ocrx_word' id='word_1_171' title='bbox 396 3387 519 3452; x_wconf 89' lang='lat' dir='ltr'><strong>per</strong></span> <span class='ocrx_word' id='word_1_172' title='bbox 560 3377 778 3434; x_wconf 87' lang='lat' dir='ltr'><strong>totum</strong></span> <span class='ocrx_word' id='word_1_173' title='bbox 812 3370 1034 3434; x_wconf 89' lang='lat' dir='ltr'><strong>orbem</strong></span> <span class='ocrx_word' id='word_1_174' title='bbox 1067 3370 1326 3434; x_wconf 89' lang='lat' dir='ltr'><strong>notorie</strong></span> <span class='ocrx_word' id='word_1_175' title='bbox 1359 3370 1800 3452; x_wconf 74' lang='lat' dir='ltr'><strong>manifestum,</strong></span> <span class='ocrx_word' id='word_1_176' title='bbox 1847 3371 2142 3438; x_wconf 88' lang='lat' dir='ltr'><strong>illustres</strong></span> <span class='ocrx_word' id='word_1_177' title='bbox 2189 3389 2409 3453; x_wconf 86' lang='lat' dir='ltr'><strong>regem</strong></span> <span class='ocrx_word' id='word_1_178' title='bbox 2460 3373 2790 3455; x_wconf 85' lang='lat' dir='ltr'><strong>Boemiae,</strong></span> 
     </span>
     <span class='ocr_line' id='line_1_28' title="bbox 397 3473 2784 3554; baseline 0.001 -16"><span class='ocrx_word' id='word_1_179' title='bbox 397 3491 522 3540; x_wconf 89' lang='lat' dir='ltr'><strong>nec</strong></span> <span class='ocrx_word' id='word_1_180' title='bbox 569 3492 700 3539; x_wconf 92' lang='lat' dir='ltr'><strong>non</strong></span> <span class='ocrx_word' id='word_1_181' title='bbox 750 3473 1053 3538; x_wconf 87' lang='lat' dir='ltr'><strong>comitem</strong></span> <span class='ocrx_word' id='word_1_182' title='bbox 1118 3474 1483 3554; x_wconf 81' lang='lat' dir='ltr'><strong>palatinum</strong></span> <span class='ocrx_word' id='word_1_183' title='bbox 1546 3475 1783 3554; x_wconf 88' lang='lat' dir='ltr'><strong>Rheni,</strong></span> <span class='ocrx_word' id='word_1_184' title='bbox 1843 3478 2074 3541; x_wconf 88' lang='lat' dir='ltr'><strong>ducem</strong></span> <span class='ocrx_word' id='word_1_185' title='bbox 2137 3475 2466 3542; x_wconf 85' lang='lat' dir='ltr'><strong>Saxoniae</strong></span> <span class='ocrx_word' id='word_1_186' title='bbox 2514 3476 2570 3541; x_wconf 75' lang='lat' dir='ltr'><strong>St.</strong></span> <span class='ocrx_word' id='word_1_187' title='bbox 2617 3496 2784 3542; x_wconf 77' lang='lat' dir='ltr'><strong>mai·—</strong></span> 
     </span>
     <span class='ocr_line' id='line_1_29' title="bbox 400 3577 2786 3661; baseline 0.002 -19"><span class='ocrx_word' id='word_1_188' title='bbox 400 3577 701 3643; x_wconf 89' lang='lat' dir='ltr'><strong>chionem</strong></span> <span class='ocrx_word' id='word_1_189' title='bbox 772 3577 1503 3658; x_wconf 83' lang='lat' dir='ltr'><strong>Brandemburgensem</strong></span> <span class='ocrx_word' id='word_1_190' title='bbox 1573 3578 1827 3644; x_wconf 85' lang='lat' dir='ltr'><strong>virtute</strong></span> <span class='ocrx_word' id='word_1_191' title='bbox 1902 3580 2090 3661; x_wconf 85' lang='lat' dir='ltr'><strong>regni</strong></span> <span class='ocrx_word' id='word_1_192' title='bbox 2165 3580 2220 3645; x_wconf 69' lang='grc' dir='ltr'><strong>ὣ</strong></span> <span class='ocrx_word' id='word_1_193' title='bbox 2298 3580 2786 3661; x_wconf 88' lang='lat' dir='ltr'><strong>principatuum</strong></span> 
     </span>
     <span class='ocr_line' id='line_1_30' title="bbox 396 3679 2784 3766; baseline 0.001 -20"><span class='ocrx_word' id='word_1_194' title='bbox 396 3699 659 3747; x_wconf 89' lang='lat' dir='ltr'><strong>suorum</strong></span> <span class='ocrx_word' id='word_1_195' title='bbox 726 3680 791 3745; x_wconf 90' lang='lat' dir='ltr'><strong>in</strong></span> <span class='ocrx_word' id='word_1_196' title='bbox 856 3679 1183 3746; x_wconf 86' lang='lat' dir='ltr'><strong>electione</strong></span> <span class='ocrx_word' id='word_1_197' title='bbox 1242 3681 1419 3762; x_wconf 84' lang='lat' dir='ltr'><strong>regis</strong></span> <span class='ocrx_word' id='word_1_198' title='bbox 1498 3683 1942 3748; x_wconf 88' lang='lat' dir='ltr'><strong>Romanorum</strong></span> <span class='ocrx_word' id='word_1_199' title='bbox 2001 3683 2068 3748; x_wconf 90' lang='lat' dir='ltr'><strong>in</strong></span> <span class='ocrx_word' id='word_1_200' title='bbox 2132 3702 2472 3750; x_wconf 87' lang='lat' dir='ltr'><strong>caesarem</strong></span> <span class='ocrx_word' id='word_1_201' title='bbox 2535 3703 2784 3766; x_wconf 88' lang='lat' dir='ltr'><strong>promo·</strong></span> 
     </span>
     <span class='ocr_line' id='line_1_31' title="bbox 392 3784 2784 3872; baseline 0.001 -22"><span class='ocrx_word' id='word_1_202' title='bbox 392 3784 593 3850; x_wconf 82' lang='lat' dir='ltr'><strong>vendi</strong></span> <span class='ocrx_word' id='word_1_203' title='bbox 626 3803 775 3850; x_wconf 91' lang='lat' dir='ltr'><strong>cum</strong></span> <span class='ocrx_word' id='word_1_204' title='bbox 808 3784 1099 3850; x_wconf 88' lang='lat' dir='ltr'><strong>caeteris</strong></span> <span class='ocrx_word' id='word_1_205' title='bbox 1133 3786 1541 3866; x_wconf 87' lang='lat' dir='ltr'><strong>principibus</strong></span> <span class='ocrx_word' id='word_1_206' title='bbox 1576 3787 2074 3872; x_wconf 77' lang='lat' dir='ltr'><strong>ecclesiasticiS‚</strong></span> <span class='ocrx_word' id='word_1_207' title='bbox 2109 3788 2246 3854; x_wconf 86' lang='lat' dir='ltr'><strong>suis</strong></span> <span class='ocrx_word' id='word_1_208' title='bbox 2280 3788 2784 3870; x_wconf 66' lang='lat' dir='ltr'><strong>coelectoribu3‚</strong></span> 
     </span>
     <span class='ocr_line' id='line_1_32' title="bbox 380 3887 2779 3974; baseline 0.001 -20"><span class='ocrx_word' id='word_1_209' title='bbox 380 3891 513 3973; x_wconf 86' lang='lat' dir='ltr'><strong>jus,</strong></span> <span class='ocrx_word' id='word_1_210' title='bbox 560 3907 787 3956; x_wconf 85' lang='lat' dir='ltr'><strong>vocem</strong></span> <span class='ocrx_word' id='word_1_211' title='bbox 834 3887 890 3952; x_wconf 66' lang='grc' dir='ltr'><strong>ὅτ,</strong></span> <span class='ocrx_word' id='word_1_212' title='bbox 936 3887 1149 3954; x_wconf 91' lang='lat' dir='ltr'><strong>locum</strong></span> <span class='ocrx_word' id='word_1_213' title='bbox 1195 3889 1445 3954; x_wconf 90' lang='lat' dir='ltr'><strong>habere</strong></span> <span class='ocrx_word' id='word_1_214' title='bbox 1492 3890 1548 3955; x_wconf 66' lang='grc' dir='ltr'><strong>ὣ</strong></span> <span class='ocrx_word' id='word_1_215' title='bbox 1594 3909 1726 3956; x_wconf 89' lang='lat' dir='ltr'><strong>una</strong></span> <span class='ocrx_word' id='word_1_216' title='bbox 1775 3910 1919 3958; x_wconf 92' lang='lat' dir='ltr'><strong>cum</strong></span> <span class='ocrx_word' id='word_1_217' title='bbox 1985 3893 2148 3974; x_wconf 90' lang='lat' dir='ltr'><strong>ipsis</strong></span> <span class='ocrx_word' id='word_1_218' title='bbox 2213 3891 2470 3958; x_wconf 88' lang='lat' dir='ltr'><strong>censeri</strong></span> <span class='ocrx_word' id='word_1_219' title='bbox 2527 3891 2582 3956; x_wconf 67' lang='grc' dir='ltr'>ἃ</span> <span class='ocrx_word' id='word_1_220' title='bbox 2630 3911 2779 3957; x_wconf 88' lang='lat' dir='ltr'><strong>esse</strong></span> 
     </span>
     <span class='ocr_line' id='line_1_33' title="bbox 392 3991 2785 4079; baseline 0.002 -22"><span class='ocrx_word' id='word_1_221' title='bbox 392 4011 589 4059; x_wconf 87' lang='lat' dir='ltr'><strong>veros</strong></span> <span class='ocrx_word' id='word_1_222' title='bbox 646 3991 1082 4076; x_wconf 75' lang='lat' dir='ltr'><strong>&amp;legitimos</strong></span> <span class='ocrx_word' id='word_1_223' title='bbox 1150 3991 1211 4058; x_wconf 89' lang='lat' dir='ltr'><strong>S.</strong></span> <span class='ocrx_word' id='word_1_224' title='bbox 1274 3992 1547 4074; x_wconf 89' lang='lat' dir='ltr'><strong>Imperii</strong></span> <span class='ocrx_word' id='word_1_225' title='bbox 1614 3995 1952 4079; x_wconf 83' lang='lat' dir='ltr'><strong>principes</strong></span> <span class='ocrx_word' id='word_1_226' title='bbox 2023 3997 2370 4062; x_wconf 70' lang='lat' dir='ltr'><strong>electores</strong></span> <span class='ocrx_word' id='word_1_227' title='bbox 2435 3996 2538 4061; x_wconf 89' lang='lat' dir='ltr'><strong>Ne</strong></span> <span class='ocrx_word' id='word_1_228' title='bbox 2603 3996 2785 4062; x_wconf 88' lang='lat' dir='ltr'><strong>inter</strong></span> 
     </span>
     <span class='ocr_line' id='line_1_34' title="bbox 388 4095 2784 4183; baseline 0.001 -21"><span class='ocrx_word' id='word_1_229' title='bbox 388 4099 747 4163; x_wconf 89' lang='lat' dir='ltr'><strong>eorundem</strong></span> <span class='ocrx_word' id='word_1_230' title='bbox 820 4095 1191 4178; x_wconf 89' lang='lat' dir='ltr'><strong>principum</strong></span> <span class='ocrx_word' id='word_1_231' title='bbox 1250 4098 1648 4165; x_wconf 89' lang='lat' dir='ltr'><strong>secularium</strong></span> <span class='ocrx_word' id='word_1_232' title='bbox 1709 4107 2070 4167; x_wconf 90' lang='lat' dir='ltr'><strong>electorum</strong></span> <span class='ocrx_word' id='word_1_233' title='bbox 2126 4102 2296 4168; x_wconf 89' lang='lat' dir='ltr'><strong>filios</strong></span> <span class='ocrx_word' id='word_1_234' title='bbox 2357 4119 2558 4182; x_wconf 89' lang='lat' dir='ltr'><strong>super</strong></span> <span class='ocrx_word' id='word_1_235' title='bbox 2609 4101 2784 4183; x_wconf 84' lang='lat' dir='ltr'><strong>jure,</strong></span> 
     </span>
     <span class='ocr_line' id='line_1_35' title="bbox 390 4201 2784 4287; baseline 0.002 -21"><span class='ocrx_word' id='word_1_236' title='bbox 390 4217 553 4268; x_wconf 87' lang='lat' dir='ltr'><strong>voce</strong></span> <span class='ocrx_word' id='word_1_237' title='bbox 623 4201 679 4267; x_wconf 72' lang='lat' dir='ltr'><strong>dc</strong></span> <span class='ocrx_word' id='word_1_238' title='bbox 740 4205 1079 4282; x_wconf 86' lang='lat' dir='ltr'><strong>potestate</strong></span> <span class='ocrx_word' id='word_1_239' title='bbox 1164 4201 1471 4283; x_wconf 88' lang='lat' dir='ltr'><strong>praefata</strong></span> <span class='ocrx_word' id='word_1_240' title='bbox 1538 4202 1784 4269; x_wconf 79' lang='lat' dir='ltr'><strong>futuris</strong></span> <span class='ocrx_word' id='word_1_241' title='bbox 1852 4205 2259 4287; x_wconf 89' lang='lat' dir='ltr'><strong>temporibus</strong></span> <span class='ocrx_word' id='word_1_242' title='bbox 2321 4208 2784 4272; x_wconf 86' lang='lat' dir='ltr'><strong>scandalorum</strong></span> 
     </span>
     <span class='ocr_line' id='line_1_36' title="bbox 390 4305 2782 4386; baseline 0.001 -15"><span class='ocrx_word' id='word_1_243' title='bbox 390 4305 449 4371; x_wconf 70' lang='lat' dir='ltr'><strong>dr.</strong></span> <span class='ocrx_word' id='word_1_244' title='bbox 496 4305 981 4372; x_wconf 88' lang='lat' dir='ltr'><strong>dissensionum</strong></span> <span class='ocrx_word' id='word_1_245' title='bbox 1030 4305 1241 4386; x_wconf 89' lang='lat' dir='ltr'><strong>possit</strong></span> <span class='ocrx_word' id='word_1_246' title='bbox 1276 4310 1557 4375; x_wconf 88' lang='lat' dir='ltr'><strong>materia</strong></span> <span class='ocrx_word' id='word_1_247' title='bbox 1590 4308 1906 4375; x_wconf 87' lang='lat' dir='ltr'><strong>suscitari</strong></span> <span class='ocrx_word' id='word_1_248' title='bbox 1940 4315 2009 4375; x_wconf 90' lang='lat' dir='ltr'><strong>et</strong></span> <span class='ocrx_word' id='word_1_249' title='bbox 2041 4310 2140 4377; x_wconf 89' lang='lat' dir='ltr'><strong>sic</strong></span> <span class='ocrx_word' id='word_1_250' title='bbox 2171 4311 2409 4377; x_wconf 91' lang='lat' dir='ltr'><strong>bonum</strong></span> <span class='ocrx_word' id='word_1_251' title='bbox 2442 4329 2782 4376; x_wconf 91' lang='lat' dir='ltr'><strong>comm-une</strong></span> 
     </span>
    </p>
   </div>
   <div class='ocr_carea' id='block_1_9' title="bbox 499 4434 2580 4495">
    <p class='ocr_par' dir='ltr' id='par_1_11' title="bbox 499 4434 2580 4495">
     <span class='ocr_line' id='line_1_37' title="bbox 499 4434 2580 4495; baseline -0 -11"><span class='ocrx_word' id='word_1_252' title='bbox 499 4441 643 4484; x_wconf 71' lang='lat' dir='ltr'><strong>Codex</strong></span> <span class='ocrx_word' id='word_1_253' title='bbox 668 4445 751 4495; x_wconf 75' lang='lat' dir='ltr'><strong>jur.</strong></span> <span class='ocrx_word' id='word_1_254' title='bbox 784 4443 889 4484; x_wconf 73' lang='lat' dir='ltr'><strong>boh.</strong></span> <span class='ocrx_word' id='word_1_255' title='bbox 920 4441 973 4483; x_wconf 86' lang='lat'><strong>11.</strong></span> <span class='ocrx_word' id='word_1_256' title='bbox 1013 4450 1050 4484; x_wconf 82' lang='lat'><strong>1.</strong></span> <span class='ocrx_word' id='word_1_257' title='bbox 2513 4434 2580 4486; x_wconf 80' lang='lat'><strong>27</strong></span> 
     </span>
    </p>
   </div>
  </div>
 </body>
</html>
