3288 4973
1311 320 1701 391 *isa-

508 536 656 608 169.
703 533 772 622 a)
823 533 1236 606 Promissio
1269 533 1590 604 Joaiinis
1625 533 1717 604 de
1764 527 2197 602 horninibus
2244 535 2322 602 et
2366 525 2690 604 vasallis

325 645 554 712 terrai·
642 639 1218 712 Budissinensis
1303 639 1513 708 nullo
1595 637 1809 706 modo
1894 657 1933 705 a
2017 656 2255 718 regno
2350 637 2693 708 Boeniiae

328 745 754 816 alienandis·

511 887 658 954 169.
707 883 778 970 b)
829 881 1248 953 Promissis»
1295 880 1618 951 Joannis
1667 879 1757 949 de
1808 878 2081 950 ineolis
2130 884 2381 949 terrae
2442 880 2687 950 (ion-li-

326 989 554 1058 rensis
599 1008 643 1058 a
694 1007 930 1073 regno
977 985 1328 1056 Boemiae
1375 1006 1522 1056 non
1571 983 2023 1054 alienandis.

1206 1110 1400 1192 1339,
1445 1111 1508 1176 8.
1558 1105 1799 1176 Junii.

509 1247 777 1336 (Kb’hler
824 1244 1236 1312 Oberlansitz
1288 1247 1335 1314 I.
1383 1285 1470 1294 —-
1513 1245 1733 1310 Emler
1778 1245 1888 1313 IV.
1936 1247 2083 1330 697,
2128 1246 2309 1333 698.)

507 1469 654 1535 170.
721 1465 975 1536 vai-oli
1025 1462 1486 1535 marchionis
1534 1463 1961 1534 enuntiatio
2008 1464 2100 1534 (le
2147 1465 2385 1535 berna
2452 1484 2687 1535 uiora-

330 1569 566 1640 viculi.

1204 1658 1398 1742 1339,
1446 1657 1510 1724 3.
1560 1655 1780 1724 sulii.

515 1798 644 1864 Nos
721 1797 1008 1864 Karolus
1083 1797 1163 1862 D.
1237 1817 1332 1878 gr.
1411 1795 1655 1862 domini
1732 1797 1907 1877 regis
1985 1797 2297 1862 Boemiae
2368 1799 2688 1881 primoge-

321 1899 504 1984 nitus,
575 1902 866 1968 marchio
945 1901 1302 1982 Moraviae,
1381 1903 1466 1966 ad
1541 1901 2003 1968 universorum
2080 1901 2387 1967 notitiam
2458 1907 2693 1969 tenore

321 2005 754 2084 praesentium
801 2007 1096 2072 volumus
1148 2005 1518 2088 pervenire,
1567 2006 1740 2084 quod
1784 2004 1945 2070 licet
1991 2007 2293 2088 baroneS,
2336 2006 2593 2072 nobiles
2628 2017 2694 2072 et

321 2107 426 2174 alii
471 2112 970 2178 marchionatus
1016 2109 1227 2176 nostri
1261 2109 1606 2176 Moraviae
1654 2109 1913 2174 incolae
1958 2108 2211 2190 pridem
2260 2109 2576 2176 collectas
2626 2117 2695 2175 et

318 2213 548 2278 beruas
607 2217 687 2280 de
737 2215 1032 2296 ipsorum
1075 2213 1530 2279 benivolentia
1562 2213 1753 2278 nobis
1786 2213 1984 2294 plene
2016 2213 2497 2296 expediverint,
2558 2214 2690 2296 ipsi

319 2325 526 2382 tamen
571 2316 1076 2385 considerantes
1108 2317 1485 2383 evidentem
1517 2322 1814 2384 nostram
1847 2318 2319 2382 necessitatem
2356 2323 2425 2384 et
2454 2319 2691 2402 gravia

317 2437 508 2488 onera
554 2423 922 2491 debitorum
969 2429 1361 2505 nostrorum,
1408 2439 1579 2503 quae
1613 2426 1889 2504 propter
1921 2439 2306 2505 guerrarum
2339 2427 2407 2489 et
2443 2423 2690 2489 discor-

317 2523 560 2593 diarum
623 2527 1040 2594 turbationes
1096 2526 1497 2610 multiplices
1545 2526 1759 2592 nostri
1807 2526 2131 2610 genitoris
2176 2532 2377 2607 atque
2424 2534 2693 2594 nostras

318 2634 442 2693 tam
489 2640 717 2698 contra
764 2634 1262 2715 Imperatorem,
1309 2652 1502 2711 quam
1549 2638 1785 2699 contra
1819 2633 2019 2697 duces
2060 2633 2380 2698 Austriae
2411 2651 2489 2698 ac
2522 2633 2689 2698 alios

315 2735 593 2800 aemulos
639 2746 904 2801 nostros
951 2734 1205 2801 vicinos
1254 2736 1697 2801 diversimodo
1746 2734 2033 2818 liabitas,
2096 2736 2435 2817 hucusque
2504 2746 2688 2803 nota-

315 2836 533 2903 biliter
617 2838 1071 2921 sustinuimus»,
1149 2842 1230 2905 ad
1317 2839 1769 2905 suffocandum
1859 2838 2229 2905 debitorum
2320 2842 2691 2908 huiusmodi

315 2942 702 3027 voraginem,
749 2946 834 3009 ad
882 2946 1324 3025 reparandum
1376 2952 1442 3008 et
1493 2944 1943 3009 redimendum
1990 2945 2486 3011 marchionatus
2520 2949 2689 3013 bona

313 3052 557 3129 nostra,
622 3067 792 3127 quae
855 3066 978 3129 per
1043 3047 1487 3129 obligationes
1551 3066 1671 3128 per
1741 3048 2153 3128 praedictum
2224 3048 2551 3116 dominum
2620 3059 2689 3115 et

311 3150 671 3230 genitorem
735 3142 1032 3219 nostrum
1082 3158 1152 3217 et
1195 3170 1314 3218 nos
1363 3152 1580 3218 factas
1627 3172 1669 3216 a
1715 3152 1904 3219 nobis
1956 3158 2023 3219 et
2070 3172 2332 3220 camera
2396 3154 2692 3221 alienata

310 3260 456 3318 sunt
495 3260 570 3319 et
615 3257 961 3337 distracta,
1009 3264 1084 3321 ut
1131 3256 1294 3339 ipsis
1343 3255 1678 3337 reparatis
1727 3262 1797 3321 et
1844 3258 2163 3323 exsolutis
2208 3258 2443 3323 incolis
2478 3263 2689 3325 nostri

310 3358 800 3427 marchionatus
847 3366 1120 3441 optatae
1171 3360 1434 3441 quietis
1481 3361 1667 3441 pacis
1725 3363 2059 3426 commoda
2108 3368 2175 3426 et
2223 3362 2689 3429 rectitudinem

309 3459 616 3527 iusticiae
680 3482 757 3529 eo
829 3462 1162 3530 salubrius
1232 3482 1590 3545 procurare
1660 3465 2015 3545 possimus:
2090 3464 2215 3545 ipsi
2279 3468 2559 3532 barones
2624 3476 2691 3533 et.

307 3567 559 3631 nobiles
617 3569 1110 3634 marchionatus
1160 3570 1368 3633 nostri
1427 3571 1773 3634 collectam
1820 3571 2215 3653 generalem,
2266 3592 2433 3651 quae
2482 3576 2687 3641 berna

307 3668 568 3751 dicitur,
621 3674 698 3737 de
753 3674 1042 3755 ipsorum
1108 3672 1296 3737 bonis
1363 3690 1445 3737 ex
1507 3692 1687 3737 mera
1750 3674 2039 3754 ipsorum
2100 3676 2555 3742 benivolencia
2621 3686 2689 3743 et

305 3772 512 3838 libera
571 3775 937 3857 voluntate,
1001 3784 1068 3840 et
1124 3793 1256 3841 non
1319 3794 1396 3841 ex
1461 3776 1682 3855 aliquo
1744 3778 1902 3860 iure,
1970 3780 2054 3843 ad
2116 3797 2435 3860 praesens
2499 3784 2687 3849 nobis

305 3878 456 3944 dare
503 3880 912 3945 unanimiter
957 3880 1420 3960 promiserunt.

507 3983 894 4063 Eapropter
957 3983 1379 4049 considerato
1442 3988 1702 4051 ardoris
1767 3990 2029 4065 affectu,
2076 4008 2200 4067 quo
2248 4008 2411 4071 erga
2456 4010 2575 4055 nos
2626 3992 2691 4057 in

305 4087 690 4165 praemissis
736 4087 977 4153 fervidi
1025 4087 1425 4171 afficiuntur,
1487 4091 1788 4157 volentes
1848 4089 2122 4171 insuper
2182 4099 2375 4173 grata
2426 4094 2685 4159 vicissi-
2739 4129 2749 4138 ·

307 4192 531 4257 tudine
581 4208 806 4256 eorum
853 4208 1204 4255 occurrere
1253 4192 1604 4276 voluntati,
1654 4193 2070 4274 promisimus
2119 4203 2185 4260 et.
2234 4196 2493 4263 sincere
2543 4218 2688 4279 pro-

307 4297 626 4363 mittimus
653 4296 820 4360 boua
853 4295 978 4360 fide
1013 4314 1130 4377 pro
1164 4295 1371 4379 nobis,
1405 4297 1759 4362 heredibus
1794 4306 1863 4363 et
1896 4300 2389 4367 successoribus
2422 4293 2691 4387 nostris,
