3288 4973
1379 377 1769 440 -275—

584 579 926 648 Professio
973 580 1151 665 regis
1196 585 1357 647 ante
1404 583 1638 649 solium
1685 599 1905 649 coram
1953 581 2092 646 Deo
2156 586 2222 647 et
2286 579 2463 648 clero
2527 587 2596 648 et
2655 599 2782 664 po·-

382 685 559 766 pulo:
627 685 997 766 „Profiteor
1052 694 1121 750 et
1168 687 1478 766 promitto
1531 723 1606 734 —-
1656 691 2033 752 nostrorum
2079 693 2446 766 praestare.
2493 686 2764 752 Amen.“

580 893 671 960 Π.
718 891 919 964 Ordo
964 893 1063 964 ad
1107 891 1698 965 benedicendum
1743 891 2114 982 reginam,
2164 913 2332 977 quae
2381 897 2580 962 debet
2611 912 2768 960 con-

384 999 631 1064 secrari
696 998 922 1065 statim
982 1004 1133 1082 post
1193 998 1439 1066 factam
1496 999 2065 1066 consecrationem
2119 1000 2320 1083 regiS,
2367 999 2490 1067 hoc
2545 1001 2767 1066 modo:

588 1103 830 1170 Statim
876 1121 953 1170 eo
1002 1109 1317 1171 coronato
1366 1109 1437 1170 et
1483 1122 1627 1170 eam
1674 1102 1979 1170 benedici
2029 1108 2098 1171 et
2145 1104 2450 1171 coronari
2481 1103 2770 1186 iubente,

388 1208 563 1274 crine
610 1205 830 1274 soluto
875 1213 946 1276 et
990 1209 1211 1292 capite
1258 1209 1637 1291 discoperto
1685 1227 1727 1272 a
1764 1209 2018 1274 duobus
2052 1208 2384 1291 episcopis
2418 1207 2772 1276 deducitur

387 1316 537 1378 ante
584 1313 801 1378 altare
848 1318 919 1380 et
964 1318 1303 1395 prostrata
1345 1320 1502 1377 ante
1536 1315 1737 1379 debet
1771 1330 1997 1392 orare3
2044 1330 2175 1393 qua
2207 1313 2475 1379 elevata
2505 1315 2590 1378 ab
2623 1331 2768 1378 ora-

387 1416 559 1482 tione
592 1419 675 1482 ab
708 1416 1039 1499 episcopis
1073 1417 1275 1484 debet
1305 1415 1540 1483 iterum
1578 1421 1780 1498 caput
1806 1415 2148 1483 inclinare.
2174 1417 2319 1482 Hoc
2344 1415 2526 1482 facto
2555 1416 2769 1483 archi-

386 1521 727 1602 episcopus
804 1520 987 1587 dicat
1060 1519 1459 1587 orationem:
1520 1520 1992 1604 „Omnipotens
2041 1521 2446 1602 sempiterne
2518 1555 2592 1571 -·
2662 1525 2768 1585 est

386 1626 685 1691 mundum
735 1623 937 1704 qui..
973 1628 1024 1689 .“
1077 1624 1230 1690 Alia
1290 1625 1664 1692 benedictio
1727 1625 2024 1691 eiusdem
2070 1643 2292 1690 coram
2337 1623 2769 1706 optimatibus

387 1737 535 1794 ante
582 1728 799 1794 altare
860 1747 981 1810 per
1026 1729 1603 1812 metropolitanum
1669 1729 1976 1795 dicenda:
2034 1729 2255 1810 „Deus
2303 1727 2414 1808 qui
2461 1727 2640 1794 solus
2686 1765 2770 1775 —-

388 1833 575 1898 corde
620 1830 989 1914 praeficiat.
1035 1833 1165 1898 Per
1202 1831 1539 1899 Christum
1572 1885 1584 1899 .
1619 1884 1631 1898 .
1666 1834 1718 1898 .“
1769 1831 2144 1898 Notandum
2177 1839 2299 1916 est,
2333 1834 2506 1913 quod
2541 1831 2770 1899 tunica

390 1937 655 2021 reginae
702 1943 771 2024 et
817 1936 1090 2004 camisia
1135 1939 1384 2004 debent
1430 1955 1581 2004 esse
1626 1942 1906 2020 apertae
1951 1941 2109 2003 ante
2156 1956 2366 2017 usque
2421 1939 2507 2002 ad
2571 1937 2772 2003 corri-

392 2040 553 2122 giam
599 2045 671 2108 et
715 2041 1015 2108 dominus
1064 2041 1608 2123 archiepiscopus
1658 2043 1860 2109 debet
1904 2039 2223 2124 inungere
2279 2059 2424 2107 eam
2486 2042 2569 2107 de
2630 2040 2772 2107 oleo

386 2149 610 2211 sancto
656 2145 726 2212 in
772 2148 1029 2212 modum
1078 2147 1295 2212 crucis
1342 2147 1410 2212 in
1466 2141 1689 2227 capite
1752 2152 1821 2213 et
1883 2150 2154 2230 pectore
2203 2151 2272 2210 et
2324 2145 2393 2210 in
2441 2144 2770 2227 scapulis;

387 2250 531 2316 dum
577 2249 845 2334 inungit
890 2250 1019 2316 sic:
1072 2251 1187 2332 „In
1233 2251 1495 2316 nomine
1540 2250 1758 2332 patris
1803 2289 1888 2298 —
1933 2251 2347 2316 saeculorum
2393 2249 2662 2316 Amen.“

587 2354 939 2422 Orationes
975 2363 1127 2438 post
1158 2355 1570 2424 unctionem:
1624 2353 1896 2438 „Sancti
1929 2353 2203 2437 spiritus
2238 2391 2322 2400 —
2355 2371 2559 2434 queas
2590 2354 2772 2420 auxi-

392 2455 593 2527 liante
638 2461 901 2529 domino
946 2465 1175 2528 nostro
1220 2459 1267 2526 J
1272 2478 1389 2527 esu
1434 2460 1722 2544 Christo,
1753 2460 1866 2541 qui
1899 2513 1911 2526 .
1945 2511 1957 2524 .
1993 2461 2042 2524 .“

591 2566 855 2633 Oratio:
930 2566 1399 2648 „Omnipotens
1470 2566 1874 2647 sempiterne
1945 2600 2028 2613 —-
2097 2564 2388 2649 indigne.
2466 2563 2598 2629 Per
2665 2566 2776 2629 do-

390 2670 703 2737 minum..
733 2674 783 2736 .“

590 2776 751 2841 Post
798 2774 995 2841 istam
1042 2775 1409 2841 orationem
1458 2778 1662 2840 datur
1705 2774 1978 2855 reginae
2043 2778 2380 2854 sceptrum
2427 2774 2510 2838 ab
2559 2772 2776 2839 archi-

390 2880 711 2961 episcopo,
758 2879 1036 2945 alterius
1082 2880 1258 2944 modi
1302 2898 1495 2959 quam
1544 2883 1882 2957 sceptrum
1929 2878 2204 2960 regium,
2267 2884 2339 2942 at
2387 2876 2576 2959 virga
2627 2895 2776 2942 con-

392 2982 617 3050 similis
662 2984 898 3067 virgae
943 2982 1193 3065 regiae,
1255 2986 1507 3063 absque
1571 2982 2002 3047 orationibus,
2066 2982 2248 3046 Tunc
2297 2983 2498 3047 debet
2538 2979 2778 3046 anulus

389 3086 647 3153 immitti
689 3088 895 3171 digito
928 3086 1090 3171 eiuS,
1123 3088 1387 3153 dicente
1420 3086 1962 3167 metropolitano:
2015 3084 2304 3166 „Accipe
2335 3085 2651 3151 annulum
2692 3122 2776 3131 —

392 3193 755 3271 pervenire.
805 3191 981 3257 Per.
1015 3242 1028 3255 .
1062 3194 1113 3257 .“
1165 3191 1336 3257 Item
1382 3190 1546 3255 alia:
1602 3190 1823 3269 „Deus
1875 3188 2061 3253 cuius
2111 3194 2216 3253 est
2264 3225 2348 3237 -
2392 3189 2773 3254 contendat.

391 3296 521 3361 Per
562 3296 893 3362 Christum
928 3347 939 3359 .
974 3347 986 3359 .
1022 3297 1071 3359 .“
1127 3295 1445 3375 Sequitur
1477 3293 1852 3359 benedictio
1889 3310 2202 3357 coronae:
2257 3292 2475 3373 „Deus
2511 3300 2772 3358 tuorum

392 3418 631 3465 corona
674 3400 1012 3466 fidelium.
1046 3402 1141 3463 ..⁴⁴
1196 3398 1301 3484 (ut
1346 3398 1579 3481 supra)
1628 3398 1775 3481 Qua
1822 3396 2010 3463 finita
2056 3397 2257 3461 debet
2306 3395 2366 3461 ei
2409 3396 2655 3476 imponi
2688 3398 2771 3461 ab

389 3504 885 3587 archiepiscopo
934 3521 1177 3569 corona
1222 3504 1292 3568 in
1337 3504 1559 3584 capite
1608 3502 1837 3583 ipsiuS,
1884 3520 2077 3581 quam
2109 3500 2479 3581 impositam
2515 3506 2778 3565 susten-

391 3610 535 3672 tare
562 3609 807 3675 debent
847 3606 1134 3688 undique
1168 3608 1469 3673 barones.
1500 3606 2028 3687 Archiepisopus
2061 3611 2284 3669 autem
2318 3605 2520 3670 debet
2553 3606 2776 3671 dicere

390 3711 516 3777 sic:
554 3712 841 3795 „Accipe
875 3730 1184 3778 coronam
1215 3748 1299 3757 --
1332 3710 1728 3777 coroneriS.“
1778 3710 1951 3775 Item
1984 3709 2152 3775 alia:
2188 3708 2461 3791 „Officio
2506 3716 2775 3775 nostrae

392 3814 814 3899 indignitatis
861 3854 946 3863 —
994 3816 1107 3896 qui
1154 3834 1297 3880 cum
1352 3816 1486 3880 Deo
1521 3867 1533 3879 .
1568 3867 1581 3878 .
1615 3816 1668 3880 .“
1734 3815 1904 3880 Item
1969 3812 2214 3878 oratio:
2282 3813 2623 3893 „Omnium
2670 3815 2780 3880 do-

392 3920 565 3985 mine
616 3960 691 3968 —-
742 3922 1173 3987 corroborare
1222 3919 1517 4003 gloriam.
1566 3920 1790 3984 Per..
1824 3922 1874 3983 .“

602 4024 761 4092 Post
818 4027 1017 4092 istam
1063 4024 1428 4090 orationem
1475 4027 1778 4105 barones,
1824 4024 1934 4103 qui
1982 4042 2286 4089 coronam
2335 4023 2476 4088 eius
2523 4027 2779 4088 susten-

390 4132 555 4205 tant,
629 4131 963 4198 deducunt
1031 4148 1174 4194 eam
1243 4131 1327 4193 ad
1398 4129 1648 4211 solium,
1713 4128 1805 4193 ibi
1868 4130 2026 4192 sede
2087 4133 2328 4209 parata
2395 4128 2784 4209 collocatur,

390 4232 767 4301 associante
812 4235 1024 4315 ipsam
1060 4233 1425 4299 venerabili
1458 4234 1804 4299 abbatissa
1836 4232 2228 4297 monasterii
2261 4231 2478 4297 sancti
2510 4230 2782 4313 Georgii

393 4335 456 4402 in
526 4343 745 4405 castro
818 4338 1145 4421 Pragensi
1214 4338 1461 4403 ordinis
1531 4337 1752 4403 sancti
1825 4336 2192 4419 Benedicti,
2261 4354 2428 4419 quae
2505 4341 2780 4418 propter

2481 4472 2578 4527 18*
