3288 4973
1485 378 1876 438 —510—

473 587 778 664 tempore
823 581 928 648 sui
973 580 1314 666 regiminis
1361 580 1539 664 emit,
1598 581 1982 648 construxit
2040 598 2161 647 seu
2222 582 2305 649 de
2365 598 2539 647 novo
2600 579 2863 659 quibus·

477 703 760 767 cumque
805 685 1023 753 titulis
1067 684 1450 769 acquisivit,
1495 703 1616 753 seu
1658 686 2028 769 acquirere,
2093 702 2312 753 emere
2358 692 2431 751 et
2475 690 2861 750 construere

485 791 736 873 poterit
766 790 1256 871 quomodolibet
1283 790 1354 855 in
1383 786 1696 871 futurum,
1726 808 1875 857 cum
1908 790 2046 857 sint
2075 788 2419 857 notissime
2442 792 2618 856 bona
2636 786 2865 868 libera,

475 913 611 962 non
641 893 1088 976 dependentia
1118 894 1190 959 in
1218 892 1483 961 feudum
1516 895 1600 960 ab
1633 894 1875 975 aliquo,
1905 896 2218 979 vendere,
2248 896 2518 975 donare,
2546 891 2865 977 obligare,

473 1006 879 1082 permutare,
923 998 1186 1082 testari,
1230 998 1460 1083 legare
1506 1002 1577 1065 et
1615 998 1686 1065 in
1717 1016 2167 1081 quoscumque
2218 1016 2377 1066 usus
2412 997 2860 1079 beneplatitos

477 1106 604 1171 sub
649 1122 731 1172 ea
774 1102 1111 1185 libertate,
1157 1100 1334 1167 sicut
1379 1103 1616 1169 eadem
1663 1102 1843 1186 emit,
1897 1103 2276 1170 construxit
2320 1121 2441 1169 seu
2488 1100 2864 1182 acquisivit,

471 1210 561 1275 de
609 1225 782 1275 novo
830 1210 1228 1273 convertere
1271 1206 1501 1273 valeat
1545 1223 1665 1289 pro
1712 1223 1877 1299 suae
1920 1206 2119 1273 libitu
2164 1206 2556 1274 voluntatis,

691 1310 902 1396 Quam
951 1310 1392 1377 intentionem
1437 1328 1625 1377 suam
1672 1315 1744 1377 et
1772 1310 1991 1378 finalis
2022 1328 2187 1378 suae
2217 1310 2587 1379 voluntatis
2620 1308 2863 1376 consti-

479 1414 808 1483 tutionem
854 1414 925 1480 in
971 1413 1272 1481 omnibus
1333 1411 1474 1479 suis
1521 1414 1901 1498 sententiis,
1961 1414 2280 1482 clausulis
2341 1420 2545 1496 atque
2600 1412 2865 1496 punctis

473 1536 602 1586 nos
661 1520 1029 1602 laudamus,
1095 1520 1564 1602 approbamlm,
1630 1521 2017 1587 roboramus
2086 1526 2158 1587 et
2222 1522 2308 1587 de
2376 1526 2565 1586 certa
2630 1522 2861 1584 nostra

471 1624 764 1691 scientia
809 1629 998 1691 ratas
1044 1640 1166 1707 per
1210 1640 1331 1690 nos
1377 1628 1448 1689 et
1493 1623 1777 1691 heredes
1822 1628 2110 1707 nostroS,
2176 1642 2372 1710 reges
2420 1622 2753 1705 Boemiae,
2798 1626 2865 1689 et

468 1744 703 1796 omnes
749 1728 916 1795 alios
959 1727 1198 1795 haberi
1240 1726 1546 1795 volentes
1591 1732 1666 1793 e‘t
1706 1733 1956 1810 gratas.
2016 1729 2089 1796 Si
2137 1730 2289 1811 quis
2333 1734 2556 1796 autem
2614 1726 2861 1793 dictam

466 1830 1022 1900 constitutionem
1095 1838 1168 1898 et
1233 1830 1737 1915 dispositionem
1804 1850 1989 1901 suam
2058 1840 2417 1901 conaretur
2479 1831 2863 1916 infringere,

472 1936 586 2004 vel
630 1937 692 2004 ei
737 1936 1233 2018 quomodolibet
1277 1954 1445 2002 ausu
1490 1936 1848 2004 temerario
1894 1937 2252 2021 contraire,
2296 1954 2417 2005 nos
2464 1941 2533 2003 et
2576 1937 2861 2003 heredes

471 2040 706 2122 nostri,
753 2057 950 2125 reges
996 2038 1327 2124 Boemiae,
1382 2044 1545 2107 tunc
1588 2040 1671 2124 ei,
1718 2040 1832 2121 qui
1876 2041 1948 2107 in
1993 2042 2455 2109 marchionatu
2516 2039 2861 2108 Moraviae

469 2144 837 2211 secundum
881 2143 1427 2210 constitutionem
1473 2150 1545 2209 et
1589 2144 2091 2226 dispositionem
2136 2162 2324 2213 suam
2364 2144 2495 2213 sibi
2526 2144 2863 2225 succedet,

464 2248 792 2316 assistere
861 2248 1160 2315 volumus
1207 2252 1279 2313 et
1323 2249 1598 2315 eundem
1646 2250 1945 2333 gratiose
1984 2252 2259 2337 juvare;
2318 2252 2559 2317 dantes
2604 2250 2693 2316 ad
2736 2248 2861 2315 hoc

475 2370 664 2436 opem
755 2357 826 2420 et
902 2370 1166 2435 operam
1235 2352 1619 2435 studiosam,
1679 2354 1855 2434 quod
1912 2353 2144 2435 utique
2206 2353 2411 2421 talem
2470 2369 2859 2437 processum

472 2456 723 2525 habeat
765 2455 1160 2525 constitutio
1207 2460 1275 2523 et
1323 2457 1674 2540 dispositio
1706 2458 2129 2543 supradicta3
2176 2458 2529 2545 signanter
2557 2458 2857 2527 volentes

465 2562 559 2628 ad
626 2562 843 2629 omnia
909 2561 1300 2643 supradicta
1361 2564 1855 2630 manutenenda
1923 2568 1995 2630 et
2054 2565 2513 2631 conservanda
2581 2563 2651 2631 in
2723 2561 2857 2630 suis

472 2665 818 2750 vigoribus
862 2664 1186 2732 illustrem
1233 2665 1724 2751 Wencezlaum,
1776 2665 2285 2751 primogenitum
2330 2672 2631 2735 nostrum
2694 2668 2858 2734 Boe·

470 2769 646 2837 miae
693 2787 939 2854 regem,
981 2769 1192 2837 modis
1240 2770 1541 2836 omnibus
1587 2770 1891 2856 obligari.

679 2873 1142 2940 Praesentium
1213 2875 1334 2940 sub
1396 2880 1668 2942 nostrae
1735 2875 2113 2960 Imperialis
2195 2875 2571 2963 majestatis
2639 2875 2853 2960 sigillo

465 2977 852 3045 testimonio
898 2977 1264 3045 literarum.

678 3117 927 3204 Datum
946 3117 1210 3202 Pragae
1235 3135 1409 3184 anno
1438 3097 1623 3202 1363,
1655 3118 2031 3188 Indictione
2066 3119 2294 3204 prima,
2318 3119 2474 3186 XII.
2496 3118 2649 3187 Kal.
2676 3120 2723 3186 J
2725 3117 2851 3200 ulii,

468 3239 827 3306 regnorum
870 3225 1244 3288 nostrorum
1292 3238 1466 3286 anno
1512 3223 1764 3289 decimo
1812 3226 2115 3308 septimo,
2158 3223 2431 3307 Imperii
2474 3242 2635 3292 vero
2669 3242 2848 3292 none.

674 3359 886 3448 (Oroe‘q.
933 3361 1189 3424 archivi
1229 3357 1534 3424 Statuam
1598 3361 1954 3426 Mor-aviae.
2007 3398 2095 3412 —
2137 3361 2351 3427 Pelzel
2392 3363 2466 3426 K.
2522 3361 2693 3426 Karl
2734 3359 2841 3426 IV.

464 3486 526 3528 n.
584 3461 1035 3529 CCLXXXIX.
1080 3500 1167 3513 —-
1210 3463 1474 3530 Brandl
1516 3465 1626 3533 IX.
1671 3465 1817 3532 317.
1857 3503 1944 3516 —
1982 3467 2137 3532 Vide
2168 3489 2225 3534 n.
2256 3467 2440 3554 297.)

671 3653 824 3722 523.
849 3651 1224 3724 Civitates
1247 3653 1600 3725 Boemiae
1623 3653 1706 3725 in
1730 3655 1981 3726 dotem
2004 3655 2323 3745 reginae
2355 3656 2839 3729 constitutae.

1219 3785 1413 3870 1363,
1459 3788 1568 3856 15.
1617 3784 2109 3873 Septembris.

676 3923 813 3990 Nos
887 3923 1113 4007 judex,
1194 3925 1408 4007 jnrati
1493 3931 1564 3991 et
1637 3927 2042 3995 universitas
2134 3929 2432 3997 civitatis
2524 3928 2843 4016 (dotalis).

466 4025 710 4092 Notum
759 4025 1037 4094 facimus
1098 4033 1330 4095 tenore
1394 4032 1847 4110 praesentium
1908 4031 2275 4101 universis:
2335 4033 2505 4120 Quia
2566 4035 2849 4102 serenis-

462 4128 672 4196 simus
719 4148 797 4197 ac
842 4128 1322 4199 invictissimus
1368 4133 1679 4216 princeps
1727 4143 1799 4204 et
1844 4137 2144 4204 dominus
2174 4138 2449 4206 Carolus
2481 4137 2597 4206 IV.
2630 4139 2853 4207 divina

464 4232 742 4300 favente
789 4233 1144 4304 clementia
1190 4237 1635 4306 Romanorum
1681 4239 2058 4324 Imperator
2102 4253 2365 4326 semper
2409 4249 2729 4328 augustus
2790 4249 2857 4310 et

467 4335 781 4405 Boemiae
828 4357 950 4406 rex
994 4340 1296 4424 illustriS,
1355 4342 1571 4411 animo
1635 4344 2024 4430 deliberato,
2086 4365 2249 4414 sano
2300 4347 2691 4433 principum,
2752 4350 2859 4417 ba-
