<?xml version="1.0" encoding="UTF-8"?>
<!DOCTYPE html PUBLIC "-//W3C//DTD XHTML 1.0 Transitional//EN"
    "http://www.w3.org/TR/xhtml1/DTD/xhtml1-transitional.dtd">
<html xmlns="http://www.w3.org/1999/xhtml" xml:lang="en" lang="en">
 <head>
  <title>
</title>
<meta http-equiv="Content-Type" content="text/html;charset=utf-8" />
  <meta name='ocr-system' content='tesseract 3.04.00' />
  <meta name='ocr-capabilities' content='ocr_page ocr_carea ocr_par ocr_line ocrx_word'/>
</head>
<body>
  <div class='ocr_page' id='page_1' title='image "./codexjurisbohem00bohegoog_0139.png"; bbox 0 0 3288 4973; ppageno 0'>
   <div class='ocr_carea' id='block_1_1' title="bbox 1408 375 1802 438">
    <p class='ocr_par' dir='ltr' id='par_1_1' title="bbox 1408 375 1802 438">
     <span class='ocr_line' id='line_1_1' title="bbox 1408 375 1802 438; baseline -0.003 -1"><span class='ocrx_word' id='word_1_1' title='bbox 1408 375 1802 438; x_wconf 79' lang='lat'>—125—</span> 
     </span>
    </p>
   </div>
   <div class='ocr_carea' id='block_1_2' title="bbox 394 576 2795 1186">
    <p class='ocr_par' dir='ltr' id='par_1_2' title="bbox 394 576 2795 1186">
     <span class='ocr_line' id='line_1_2' title="bbox 614 576 2795 662; baseline -0.001 -14"><span class='ocrx_word' id='word_1_2' title='bbox 614 582 1045 650; x_wconf 80' lang='lat' dir='ltr'><strong>Baldewinus</strong></span> <span class='ocrx_word' id='word_1_3' title='bbox 1070 581 1151 648; x_wconf 92' lang='lat' dir='ltr'><strong>D.</strong></span> <span class='ocrx_word' id='word_1_4' title='bbox 1182 599 1277 662; x_wconf 82' lang='lat' dir='ltr'><strong>gr.</strong></span> <span class='ocrx_word' id='word_1_5' title='bbox 1308 578 1373 648; x_wconf 86' lang='lat' dir='ltr'><strong>S.</strong></span> <span class='ocrx_word' id='word_1_6' title='bbox 1404 579 1846 646; x_wconf 82' lang='lat' dir='ltr'><strong>Treuerensis</strong></span> <span class='ocrx_word' id='word_1_7' title='bbox 1878 576 2204 646; x_wconf 87' lang='lat' dir='ltr'><strong>ecclesiae</strong></span> <span class='ocrx_word' id='word_1_8' title='bbox 2235 577 2795 662; x_wconf 81' lang='lat' dir='ltr'><strong>archiepiscopus,</strong></span> 
     </span>
     <span class='ocr_line' id='line_1_3' title="bbox 402 683 2792 769; baseline -0.001 -16"><span class='ocrx_word' id='word_1_9' title='bbox 402 686 467 753; x_wconf 88' lang='lat' dir='ltr'><strong>S.</strong></span> <span class='ocrx_word' id='word_1_10' title='bbox 512 685 788 769; x_wconf 88' lang='lat' dir='ltr'><strong>Imperii</strong></span> <span class='ocrx_word' id='word_1_11' title='bbox 836 703 954 769; x_wconf 88' lang='lat' dir='ltr'><strong>per</strong></span> <span class='ocrx_word' id='word_1_12' title='bbox 1008 683 1293 752; x_wconf 84' lang='lat' dir='ltr'><strong>Galliam</strong></span> <span class='ocrx_word' id='word_1_13' title='bbox 1356 683 2006 768; x_wconf 85' lang='lat' dir='ltr'><strong>archicancellarius,</strong></span> <span class='ocrx_word' id='word_1_14' title='bbox 2065 684 2614 766; x_wconf 85' lang='lat' dir='ltr'><strong>recognoscimus,</strong></span> <span class='ocrx_word' id='word_1_15' title='bbox 2673 701 2792 751; x_wconf 86' lang='lat' dir='ltr'><strong>nos</strong></span> 
     </span>
     <span class='ocr_line' id='line_1_4' title="bbox 400 786 2790 872; baseline -0.001 -16"><span class='ocrx_word' id='word_1_16' title='bbox 400 790 641 857; x_wconf 78' lang='lat' dir='ltr'><strong>literas</strong></span> <span class='ocrx_word' id='word_1_17' title='bbox 686 789 862 857; x_wconf 87' lang='lat' dir='ltr'><strong>infra</strong></span> <span class='ocrx_word' id='word_1_18' title='bbox 920 790 1229 872; x_wconf 74' lang='lat' dir='ltr'><strong>scriptae,</strong></span> <span class='ocrx_word' id='word_1_19' title='bbox 1297 786 1469 854; x_wconf 89' lang='lat' dir='ltr'><strong>omni</strong></span> <span class='ocrx_word' id='word_1_20' title='bbox 1536 792 1811 855; x_wconf 79' lang='lat' dir='ltr'>carente</span> <span class='ocrx_word' id='word_1_21' title='bbox 1881 789 2277 872; x_wconf 81' lang='lat' dir='ltr'><strong>suspicione,</strong></span> <span class='ocrx_word' id='word_1_22' title='bbox 2343 806 2504 856; x_wconf 83' lang='lat' dir='ltr'><strong>vero</strong></span> <span class='ocrx_word' id='word_1_23' title='bbox 2572 786 2790 869; x_wconf 82' lang='lat' dir='ltr'><strong>sigillo</strong></span> 
     </span>
     <span class='ocr_line' id='line_1_5' title="bbox 396 891 2789 978; baseline -0.001 -18"><span class='ocrx_word' id='word_1_24' title='bbox 396 896 737 976; x_wconf 80' lang='lat' dir='ltr'><strong>pendente</strong></span> <span class='ocrx_word' id='word_1_25' title='bbox 784 895 946 978; x_wconf 75' lang='lat' dir='ltr'><strong>ejuS,</strong></span> <span class='ocrx_word' id='word_1_26' title='bbox 1006 896 1089 959; x_wconf 92' lang='lat' dir='ltr'><strong>de</strong></span> <span class='ocrx_word' id='word_1_27' title='bbox 1150 911 1279 974; x_wconf 87' lang='lat' dir='ltr'><strong>quo</strong></span> <span class='ocrx_word' id='word_1_28' title='bbox 1326 892 1395 958; x_wconf 89' lang='lat' dir='ltr'><strong>in</strong></span> <span class='ocrx_word' id='word_1_29' title='bbox 1439 891 1605 975; x_wconf 88' lang='lat' dir='ltr'><strong>ipsis</strong></span> <span class='ocrx_word' id='word_1_30' title='bbox 1649 891 1868 959; x_wconf 87' lang='lat' dir='ltr'><strong>literis</strong></span> <span class='ocrx_word' id='word_1_31' title='bbox 1913 893 1992 960; x_wconf 89' lang='lat' dir='ltr'><strong>fit</strong></span> <span class='ocrx_word' id='word_1_32' title='bbox 2037 892 2302 970; x_wconf 86' lang='lat' dir='ltr'><strong>mentio,</strong></span> <span class='ocrx_word' id='word_1_33' title='bbox 2349 896 2547 974; x_wconf 90' lang='lat' dir='ltr'><strong>prout</strong></span> <span class='ocrx_word' id='word_1_34' title='bbox 2579 892 2789 974; x_wconf 86' lang='lat' dir='ltr'><strong>prima</strong></span> 
     </span>
     <span class='ocr_line' id='line_1_6' title="bbox 394 995 2788 1081; baseline 0 -19"><span class='ocrx_word' id='word_1_35' title='bbox 394 995 573 1065; x_wconf 86' lang='lat' dir='ltr'><strong>facie</strong></span> <span class='ocrx_word' id='word_1_36' title='bbox 634 999 1023 1081; x_wconf 81' lang='lat' dir='ltr'><strong>apparebat,</strong></span> <span class='ocrx_word' id='word_1_37' title='bbox 1083 997 1435 1081; x_wconf 71' lang='lat' dir='ltr'><strong>sigillatae,</strong></span> <span class='ocrx_word' id='word_1_38' title='bbox 1496 995 1750 1064; x_wconf 84' lang='lat' dir='ltr'><strong>vidisse</strong></span> <span class='ocrx_word' id='word_1_39' title='bbox 1809 1015 1891 1062; x_wconf 92' lang='lat' dir='ltr'><strong>ac</strong></span> <span class='ocrx_word' id='word_1_40' title='bbox 1950 999 2034 1063; x_wconf 90' lang='lat' dir='ltr'><strong>de</strong></span> <span class='ocrx_word' id='word_1_41' title='bbox 2095 998 2298 1064; x_wconf 87' lang='lat' dir='ltr'><strong>verbo</strong></span> <span class='ocrx_word' id='word_1_42' title='bbox 2360 997 2446 1063; x_wconf 88' lang='lat' dir='ltr'><strong>ad</strong></span> <span class='ocrx_word' id='word_1_43' title='bbox 2513 1000 2788 1064; x_wconf 83' lang='lat' dir='ltr'><strong>verbum</strong></span> 
     </span>
     <span class='ocr_line' id='line_1_7' title="bbox 396 1100 2480 1186; baseline 0.001 -18"><span class='ocrx_word' id='word_1_44' title='bbox 396 1103 659 1185; x_wconf 85' lang='lat' dir='ltr'><strong>perlegi</strong></span> <span class='ocrx_word' id='word_1_45' title='bbox 700 1102 963 1186; x_wconf 83' lang='lat' dir='ltr'><strong>fecisse,</strong></span> <span class='ocrx_word' id='word_1_46' title='bbox 1009 1101 1263 1168; x_wconf 88' lang='lat' dir='ltr'><strong>tenoris</strong></span> <span class='ocrx_word' id='word_1_47' title='bbox 1310 1105 1381 1167; x_wconf 88' lang='lat' dir='ltr'><strong>et</strong></span> <span class='ocrx_word' id='word_1_48' title='bbox 1426 1100 1880 1168; x_wconf 80' lang='lat' dir='ltr'><strong>continentiae</strong></span> <span class='ocrx_word' id='word_1_49' title='bbox 1926 1100 1996 1168; x_wconf 90' lang='lat' dir='ltr'><strong>in</strong></span> <span class='ocrx_word' id='word_1_50' title='bbox 2041 1102 2208 1169; x_wconf 87' lang='lat' dir='ltr'><strong>haec</strong></span> <span class='ocrx_word' id='word_1_51' title='bbox 2239 1103 2480 1170; x_wconf 85' lang='lat' dir='ltr'><strong>verba:</strong></span> 
     </span>
    </p>
   </div>
   <div class='ocr_carea' id='block_1_3' title="bbox 616 1221 1457 1311">
    <p class='ocr_par' dir='ltr' id='par_1_3' title="bbox 616 1221 1457 1311">
     <span class='ocr_line' id='line_1_8' title="bbox 616 1221 1457 1311; baseline 0.002 -24"><span class='ocrx_word' id='word_1_52' title='bbox 616 1221 730 1311; x_wconf 89' lang='lat' dir='ltr'><strong>(N.</strong></span> <span class='ocrx_word' id='word_1_53' title='bbox 772 1225 860 1292; x_wconf 85' lang='lat'><strong>22</strong></span> <span class='ocrx_word' id='word_1_54' title='bbox 905 1224 1093 1310; x_wconf 71' lang='lat' dir='ltr'><strong>hujus</strong></span> <span class='ocrx_word' id='word_1_55' title='bbox 1152 1221 1457 1310; x_wconf 66' lang='lat' dir='ltr'><strong>Codicis.)</strong></span> 
     </span>
    </p>
   </div>
   <div class='ocr_carea' id='block_1_4' title="bbox 392 1343 2854 1532">
    <p class='ocr_par' dir='ltr' id='par_1_4' title="bbox 392 1343 2854 1532">
     <span class='ocr_line' id='line_1_9' title="bbox 609 1343 2854 1430; baseline -0.001 -18"><span class='ocrx_word' id='word_1_56' title='bbox 609 1343 690 1412; x_wconf 90' lang='lat' dir='ltr'><strong>In</strong></span> <span class='ocrx_word' id='word_1_57' title='bbox 758 1345 945 1430; x_wconf 87' lang='lat' dir='ltr'><strong>cnjus</strong></span> <span class='ocrx_word' id='word_1_58' title='bbox 1004 1347 1277 1412; x_wconf 89' lang='lat' dir='ltr'><strong>nostrae</strong></span> <span class='ocrx_word' id='word_1_59' title='bbox 1343 1343 1619 1411; x_wconf 80' lang='lat' dir='ltr'><strong>visionis</strong></span> <span class='ocrx_word' id='word_1_60' title='bbox 1698 1349 1768 1409; x_wconf 88' lang='lat' dir='ltr'><strong>et</strong></span> <span class='ocrx_word' id='word_1_61' title='bbox 1845 1344 2264 1426; x_wconf 87' lang='lat' dir='ltr'><strong>perlecturae</strong></span> <span class='ocrx_word' id='word_1_62' title='bbox 2341 1343 2788 1411; x_wconf 88' lang='lat' dir='ltr'><strong>testimonium</strong></span> <span class='ocrx_word' id='word_1_63' title='bbox 2849 1391 2854 1398; x_wconf 70' lang='lat'><strong>·</strong></span> 
     </span>
     <span class='ocr_line' id='line_1_10' title="bbox 392 1447 2128 1532; baseline 0.001 -19"><span class='ocrx_word' id='word_1_64' title='bbox 392 1447 689 1531; x_wconf 87' lang='lat' dir='ltr'><strong>sigillum</strong></span> <span class='ocrx_word' id='word_1_65' title='bbox 736 1455 1033 1517; x_wconf 85' lang='lat' dir='ltr'><strong>nostrum</strong></span> <span class='ocrx_word' id='word_1_66' title='bbox 1076 1449 1545 1532; x_wconf 88' lang='lat' dir='ltr'><strong>praesentibus</strong></span> <span class='ocrx_word' id='word_1_67' title='bbox 1592 1451 1700 1514; x_wconf 88' lang='lat' dir='ltr'><strong>est</strong></span> <span class='ocrx_word' id='word_1_68' title='bbox 1744 1465 2128 1530; x_wconf 89' lang='lat' dir='ltr'><strong>appensum.</strong></span> 
     </span>
    </p>
   </div>
   <div class='ocr_carea' id='block_1_5' title="bbox 396 1569 2786 1757">
    <p class='ocr_par' dir='ltr' id='par_1_5' title="bbox 396 1569 2786 1757">
     <span class='ocr_line' id='line_1_11' title="bbox 608 1569 2786 1653; baseline 0 -17"><span class='ocrx_word' id='word_1_69' title='bbox 608 1571 849 1640; x_wconf 87' lang='lat' dir='ltr'><strong>Actum</strong></span> <span class='ocrx_word' id='word_1_70' title='bbox 896 1577 967 1638; x_wconf 90' lang='lat' dir='ltr'><strong>et</strong></span> <span class='ocrx_word' id='word_1_71' title='bbox 1010 1573 1237 1638; x_wconf 88' lang='lat' dir='ltr'><strong>datum</strong></span> <span class='ocrx_word' id='word_1_72' title='bbox 1281 1570 1597 1638; x_wconf 83' lang='lat' dir='ltr'><strong>Treveris</strong></span> <span class='ocrx_word' id='word_1_73' title='bbox 1642 1589 1703 1636; x_wconf 91' lang='lat' dir='ltr'><strong>a.</strong></span> <span class='ocrx_word' id='word_1_74' title='bbox 1747 1569 1828 1636; x_wconf 95' lang='lat' dir='ltr'><strong>D.</strong></span> <span class='ocrx_word' id='word_1_75' title='bbox 1881 1575 2063 1653; x_wconf 85' lang='lat'><strong>1335,</strong></span> <span class='ocrx_word' id='word_1_76' title='bbox 2110 1569 2218 1636; x_wconf 88' lang='lat' dir='ltr'><strong>die</strong></span> <span class='ocrx_word' id='word_1_77' title='bbox 2250 1569 2509 1639; x_wconf 86' lang='lat' dir='ltr'><strong>XVIII.</strong></span> <span class='ocrx_word' id='word_1_78' title='bbox 2541 1573 2786 1638; x_wconf 84' lang='lat' dir='ltr'><strong>mensis</strong></span> 
     </span>
     <span class='ocr_line' id='line_1_12' title="bbox 396 1674 709 1757; baseline 0.01 -18"><span class='ocrx_word' id='word_1_79' title='bbox 396 1674 709 1757; x_wconf 80' lang='lat' dir='ltr'><strong>Augusti.</strong></span> 
     </span>
    </p>
   </div>
   <div class='ocr_carea' id='block_1_6' title="bbox 606 1810 2298 1902">
    <p class='ocr_par' dir='ltr' id='par_1_6' title="bbox 606 1810 2298 1902">
     <span class='ocr_line' id='line_1_13' title="bbox 606 1810 2298 1902; baseline -0.004 -20"><span class='ocrx_word' id='word_1_80' title='bbox 606 1813 726 1900; x_wconf 86' lang='lat' dir='ltr'><strong>(A.</strong></span> <span class='ocrx_word' id='word_1_81' title='bbox 775 1811 869 1882; x_wconf 84' lang='lat' dir='ltr'><strong>K.</strong></span> <span class='ocrx_word' id='word_1_82' title='bbox 916 1851 1004 1862; x_wconf 90' lang='lat'><strong>—</strong></span> <span class='ocrx_word' id='word_1_83' title='bbox 1050 1810 1231 1899; x_wconf 74' lang='lat' dir='ltr'><strong>Chyt.</strong></span> <span class='ocrx_word' id='word_1_84' title='bbox 1290 1811 1420 1882; x_wconf 79' lang='lat' dir='ltr'><strong>VII.</strong></span> <span class='ocrx_word' id='word_1_85' title='bbox 1470 1814 1571 1879; x_wconf 80' lang='lat'><strong>71.</strong></span> <span class='ocrx_word' id='word_1_86' title='bbox 1614 1848 1702 1863; x_wconf 93' lang='lat'><strong>—·-</strong></span> <span class='ocrx_word' id='word_1_87' title='bbox 1745 1811 1912 1881; x_wconf 65' lang='lat' dir='ltr'><strong>Eme.</strong></span> <span class='ocrx_word' id='word_1_88' title='bbox 1957 1813 2073 1882; x_wconf 89' lang='lat' dir='ltr'><strong>IV.</strong></span> <span class='ocrx_word' id='word_1_89' title='bbox 2117 1813 2298 1902; x_wconf 87' lang='grc'><em>191.)</em></span> 
     </span>
    </p>
   </div>
   <div class='ocr_carea' id='block_1_7' title="bbox 390 1963 2784 2301">
    <p class='ocr_par' dir='ltr' id='par_1_7' title="bbox 390 1963 2784 2301">
     <span class='ocr_line' id='line_1_14' title="bbox 605 1963 2784 2090; baseline 0.002 -20"><span class='ocrx_word' id='word_1_90' title='bbox 605 2006 755 2072; x_wconf 85' lang='grc'><strong>114.</strong></span> <span class='ocrx_word' id='word_1_91' title='bbox 846 2003 1125 2090; x_wconf 83' lang='lat' dir='ltr'><strong>Legati</strong></span> <span class='ocrx_word' id='word_1_92' title='bbox 1176 1963 1573 2073; x_wconf 30' lang='lat' dir='ltr'><strong>&#39;Kazimiri</strong></span> <span class='ocrx_word' id='word_1_93' title='bbox 1647 2002 2012 2074; x_wconf 89' lang='lat' dir='ltr'><strong>Poloniae</strong></span> <span class='ocrx_word' id='word_1_94' title='bbox 2086 2003 2300 2090; x_wconf 81' lang='lat' dir='ltr'><strong>regis</strong></span> <span class='ocrx_word' id='word_1_95' title='bbox 2376 2005 2784 2090; x_wconf 81' lang='lat' dir='ltr'><strong>testantur,</strong></span> 
     </span>
     <span class='ocr_line' id='line_1_15' title="bbox 394 2106 2784 2195; baseline 0.001 -19"><span class='ocrx_word' id='word_1_96' title='bbox 394 2106 445 2176; x_wconf 89' lang='lat' dir='ltr'><strong>J</strong></span> <span class='ocrx_word' id='word_1_97' title='bbox 447 2125 768 2176; x_wconf 88' lang='lat' dir='ltr'><strong>oannem</strong></span> <span class='ocrx_word' id='word_1_98' title='bbox 812 2126 1075 2195; x_wconf 81' lang='lat' dir='ltr'><strong>regem</strong></span> <span class='ocrx_word' id='word_1_99' title='bbox 1121 2126 1411 2177; x_wconf 85' lang='lat' dir='ltr'><strong>necnon</strong></span> <span class='ocrx_word' id='word_1_100' title='bbox 1457 2107 1830 2178; x_wconf 85' lang='lat' dir='ltr'><strong>Karolum</strong></span> <span class='ocrx_word' id='word_1_101' title='bbox 1876 2107 2387 2178; x_wconf 78' lang='lat' dir='ltr'><strong>marchionem</strong></span> <span class='ocrx_word' id='word_1_102' title='bbox 2450 2109 2784 2178; x_wconf 87' lang='lat' dir='ltr'><strong>renunti-</strong></span> 
     </span>
     <span class='ocr_line' id='line_1_16' title="bbox 390 2209 2140 2301; baseline 0.001 -21"><span class='ocrx_word' id='word_1_103' title='bbox 390 2229 568 2280; x_wconf 84' lang='lat' dir='ltr'><strong>asse</strong></span> <span class='ocrx_word' id='word_1_104' title='bbox 614 2210 819 2280; x_wconf 88' lang='lat' dir='ltr'><strong>omni</strong></span> <span class='ocrx_word' id='word_1_105' title='bbox 854 2209 1021 2301; x_wconf 84' lang='lat' dir='ltr'><strong>juri</strong></span> <span class='ocrx_word' id='word_1_106' title='bbox 1069 2230 1157 2282; x_wconf 88' lang='lat' dir='ltr'><strong>ac</strong></span> <span class='ocrx_word' id='word_1_107' title='bbox 1204 2209 1436 2280; x_wconf 87' lang='lat' dir='ltr'><strong>titulo</strong></span> <span class='ocrx_word' id='word_1_108' title='bbox 1480 2209 1708 2297; x_wconf 82' lang='lat' dir='ltr'><strong>regni</strong></span> <span class='ocrx_word' id='word_1_109' title='bbox 1753 2209 2140 2282; x_wconf 84' lang='lat' dir='ltr'><strong>Poloniae.</strong></span> 
     </span>
    </p>
   </div>
   <div class='ocr_carea' id='block_1_8' title="bbox 1294 2332 1894 2420">
    <p class='ocr_par' dir='ltr' id='par_1_8' title="bbox 1294 2332 1894 2420">
     <span class='ocr_line' id='line_1_17' title="bbox 1294 2332 1894 2420; baseline 0 -18"><span class='ocrx_word' id='word_1_110' title='bbox 1294 2334 1489 2418; x_wconf 81' lang='lat'><strong>1335,</strong></span> <span class='ocrx_word' id='word_1_111' title='bbox 1534 2335 1643 2402; x_wconf 86' lang='lat'><strong>24.</strong></span> <span class='ocrx_word' id='word_1_112' title='bbox 1692 2332 1894 2420; x_wconf 82' lang='lat' dir='ltr'><strong>Aug.</strong></span> 
     </span>
    </p>
   </div>
   <div class='ocr_carea' id='block_1_9' title="bbox 389 2471 2786 3762">
    <p class='ocr_par' dir='ltr' id='par_1_9' title="bbox 389 2471 2786 3498">
     <span class='ocr_line' id='line_1_18' title="bbox 600 2471 2784 2543; baseline 0.002 -18"><span class='ocrx_word' id='word_1_113' title='bbox 600 2471 667 2527; x_wconf 78' lang='lat' dir='ltr'><strong>A.</strong></span> <span class='ocrx_word' id='word_1_114' title='bbox 714 2474 843 2527; x_wconf 82' lang='lat'><strong>1335</strong></span> <span class='ocrx_word' id='word_1_115' title='bbox 880 2486 978 2527; x_wconf 84' lang='lat' dir='ltr'><strong>rex</strong></span> <span class='ocrx_word' id='word_1_116' title='bbox 1029 2471 1274 2527; x_wconf 88' lang='lat' dir='ltr'><strong>Joannes</strong></span> <span class='ocrx_word' id='word_1_117' title='bbox 1325 2488 1449 2528; x_wconf 89' lang='lat' dir='ltr'><strong>cum</strong></span> <span class='ocrx_word' id='word_1_118' title='bbox 1498 2472 1697 2528; x_wconf 86' lang='lat' dir='ltr'><strong>Carolo</strong></span> <span class='ocrx_word' id='word_1_119' title='bbox 1747 2471 1862 2527; x_wconf 83' lang='lat' dir='ltr'><strong>filio</strong></span> <span class='ocrx_word' id='word_1_120' title='bbox 1918 2488 2018 2527; x_wconf 88' lang='lat' dir='ltr'><strong>suo</strong></span> <span class='ocrx_word' id='word_1_121' title='bbox 2075 2479 2135 2527; x_wconf 89' lang='lat' dir='ltr'><strong>et</strong></span> <span class='ocrx_word' id='word_1_122' title='bbox 2187 2488 2312 2527; x_wconf 87' lang='lat' dir='ltr'><strong>cum</strong></span> <span class='ocrx_word' id='word_1_123' title='bbox 2365 2473 2614 2543; x_wconf 87' lang='lat' dir='ltr'><strong>pluribus</strong></span> <span class='ocrx_word' id='word_1_124' title='bbox 2669 2477 2784 2530; x_wconf 84' lang='lat' dir='ltr'><strong>suis</strong></span> 
     </span>
     <span class='ocr_line' id='line_1_19' title="bbox 392 2556 2786 2629; baseline 0.003 -18"><span class='ocrx_word' id='word_1_125' title='bbox 392 2558 642 2626; x_wconf 75' lang='lat' dir='ltr'><strong>satrapis</strong></span> <span class='ocrx_word' id='word_1_126' title='bbox 676 2556 985 2628; x_wconf 81' lang='lat' dir='ltr'><strong>Ungariam</strong></span> <span class='ocrx_word' id='word_1_127' title='bbox 1020 2558 1254 2628; x_wconf 82' lang='lat' dir='ltr'><strong>pacifice</strong></span> <span class='ocrx_word' id='word_1_128' title='bbox 1292 2558 1530 2615; x_wconf 83' lang='lat' dir='ltr'><strong>intravit</strong></span> <span class='ocrx_word' id='word_1_129' title='bbox 1565 2567 1626 2616; x_wconf 88' lang='lat' dir='ltr'><strong>et</strong></span> <span class='ocrx_word' id='word_1_130' title='bbox 1665 2558 1921 2614; x_wconf 84' lang='lat' dir='ltr'><strong>Carolum</strong></span> <span class='ocrx_word' id='word_1_131' title='bbox 1957 2566 2150 2628; x_wconf 77' lang='lat' dir='ltr'><strong>regem</strong></span> <span class='ocrx_word' id='word_1_132' title='bbox 2183 2560 2466 2629; x_wconf 80' lang='lat' dir='ltr'><strong>Ungariae</strong></span> <span class='ocrx_word' id='word_1_133' title='bbox 2503 2561 2562 2615; x_wconf 88' lang='lat' dir='ltr'><strong>in</strong></span> <span class='ocrx_word' id='word_1_134' title='bbox 2601 2568 2786 2619; x_wconf 84' lang='lat' dir='ltr'><strong>castro</strong></span> 
     </span>
     <span class='ocr_line' id='line_1_20' title="bbox 389 2642 2785 2716; baseline 0.003 -19"><span class='ocrx_word' id='word_1_135' title='bbox 389 2658 491 2699; x_wconf 82' lang='lat' dir='ltr'><strong>suo</strong></span> <span class='ocrx_word' id='word_1_136' title='bbox 528 2644 677 2713; x_wconf 84' lang='lat' dir='ltr'><strong>quod</strong></span> <span class='ocrx_word' id='word_1_137' title='bbox 716 2642 1104 2713; x_wconf 73' lang='lat' dir='ltr'><strong>Plyntenbnrk</strong></span> <span class='ocrx_word' id='word_1_138' title='bbox 1140 2644 1361 2714; x_wconf 82' lang='lat' dir='ltr'><strong>dicitur,</strong></span> <span class='ocrx_word' id='word_1_139' title='bbox 1402 2644 1676 2701; x_wconf 82' lang='lat' dir='ltr'><strong>visitavit.</strong></span> <span class='ocrx_word' id='word_1_140' title='bbox 1737 2644 1846 2699; x_wconf 86' lang='lat' dir='ltr'><strong>Ubi</strong></span> <span class='ocrx_word' id='word_1_141' title='bbox 1882 2644 2061 2701; x_wconf 86' lang='lat' dir='ltr'><strong>tribus</strong></span> <span class='ocrx_word' id='word_1_142' title='bbox 2101 2644 2436 2715; x_wconf 81' lang='lat' dir='ltr'><strong>ebdomadis,</strong></span> <span class='ocrx_word' id='word_1_143' title='bbox 2465 2646 2785 2716; x_wconf 83' lang='lat' dir='ltr'><strong>juramento</strong></span> 
     </span>
     <span class='ocr_line' id='line_1_21' title="bbox 392 2730 2782 2801; baseline 0 -14"><span class='ocrx_word' id='word_1_144' title='bbox 392 2740 451 2787; x_wconf 87' lang='lat' dir='ltr'><strong>et</strong></span> <span class='ocrx_word' id='word_1_145' title='bbox 486 2738 659 2801; x_wconf 85' lang='lat' dir='ltr'><strong>pacto</strong></span> <span class='ocrx_word' id='word_1_146' title='bbox 694 2730 845 2787; x_wconf 84' lang='lat' dir='ltr'><strong>inter</strong></span> <span class='ocrx_word' id='word_1_147' title='bbox 880 2747 941 2787; x_wconf 83' lang='lat' dir='ltr'><strong>ae</strong></span> <span class='ocrx_word' id='word_1_148' title='bbox 993 2733 1061 2787; x_wconf 88' lang='lat' dir='ltr'><strong>de</strong></span> <span class='ocrx_word' id='word_1_149' title='bbox 1110 2731 1220 2787; x_wconf 84' lang='lat' dir='ltr'><strong>fide</strong></span> <span class='ocrx_word' id='word_1_150' title='bbox 1270 2738 1330 2788; x_wconf 88' lang='lat' dir='ltr'><strong>et</strong></span> <span class='ocrx_word' id='word_1_151' title='bbox 1380 2732 1674 2788; x_wconf 81' lang='lat' dir='ltr'><strong>concordia</strong></span> <span class='ocrx_word' id='word_1_152' title='bbox 1727 2738 1916 2787; x_wconf 87' lang='lat' dir='ltr'><strong>mutuo</strong></span> <span class='ocrx_word' id='word_1_153' title='bbox 1971 2733 2245 2788; x_wconf 81' lang='lat' dir='ltr'><strong>servanda</strong></span> <span class='ocrx_word' id='word_1_154' title='bbox 2298 2732 2486 2801; x_wconf 70' lang='lat' dir='ltr'><strong>factiS,</strong></span> <span class='ocrx_word' id='word_1_155' title='bbox 2538 2734 2782 2789; x_wconf 86' lang='lat' dir='ltr'><strong>Joannes</strong></span> 
     </span>
     <span class='ocr_line' id='line_1_22' title="bbox 392 2817 2784 2891; baseline 0.002 -18"><span class='ocrx_word' id='word_1_156' title='bbox 392 2836 493 2874; x_wconf 86' lang='lat' dir='ltr'><strong>rex</strong></span> <span class='ocrx_word' id='word_1_157' title='bbox 531 2817 871 2873; x_wconf 78' lang='lat' dir='ltr'><strong>Cazimirum</strong></span> <span class='ocrx_word' id='word_1_158' title='bbox 906 2834 1097 2889; x_wconf 83' lang='lat' dir='ltr'><strong>regem</strong></span> <span class='ocrx_word' id='word_1_159' title='bbox 1135 2819 1453 2889; x_wconf 76' lang='lat' dir='ltr'><strong>cracoviae,</strong></span> <span class='ocrx_word' id='word_1_160' title='bbox 1490 2818 1664 2875; x_wconf 87' lang='lat' dir='ltr'><strong>filium</strong></span> <span class='ocrx_word' id='word_1_161' title='bbox 1700 2818 2081 2889; x_wconf 86' lang='lat' dir='ltr'><strong>Lokietkonis,</strong></span> <span class='ocrx_word' id='word_1_162' title='bbox 2127 2818 2215 2875; x_wconf 89' lang='lat' dir='ltr'><strong>cui</strong></span> <span class='ocrx_word' id='word_1_163' title='bbox 2266 2818 2386 2887; x_wconf 72' lang='lat' dir='ltr'><strong>ipse</strong></span> <span class='ocrx_word' id='word_1_164' title='bbox 2437 2836 2619 2877; x_wconf 85' lang='lat' dir='ltr'><strong>coram</strong></span> <span class='ocrx_word' id='word_1_165' title='bbox 2650 2837 2784 2891; x_wconf 84' lang='lat' dir='ltr'><strong>rege</strong></span> 
     </span>
     <span class='ocr_line' id='line_1_23' title="bbox 393 2905 2784 2977; baseline 0.001 -16"><span class='ocrx_word' id='word_1_166' title='bbox 393 2905 683 2976; x_wconf 79' lang='lat' dir='ltr'><strong>Ungariae</strong></span> <span class='ocrx_word' id='word_1_167' title='bbox 718 2920 951 2975; x_wconf 82' lang='lat' dir='ltr'><strong>regnum</strong></span> <span class='ocrx_word' id='word_1_168' title='bbox 990 2906 1255 2961; x_wconf 85' lang='lat' dir='ltr'><strong>Poloniae</strong></span> <span class='ocrx_word' id='word_1_169' title='bbox 1292 2922 1391 2975; x_wconf 87' lang='lat' dir='ltr'><strong>pro</strong></span> <span class='ocrx_word' id='word_1_170' title='bbox 1428 2906 1533 2961; x_wconf 86' lang='lat' dir='ltr'><strong>XX</strong></span> <span class='ocrx_word' id='word_1_171' title='bbox 1568 2906 1814 2961; x_wconf 82' lang='lat' dir='ltr'><strong>millibus</strong></span> <span class='ocrx_word' id='word_1_172' title='bbox 1861 2922 2169 2961; x_wconf 84' lang='lat' dir='ltr'><strong>marcarum</strong></span> <span class='ocrx_word' id='word_1_173' title='bbox 2213 2907 2556 2977; x_wconf 83' lang='lat' dir='ltr'><strong>vendiderat,</strong></span> <span class='ocrx_word' id='word_1_174' title='bbox 2597 2924 2784 2965; x_wconf 87' lang='lat' dir='ltr'><strong>secum</strong></span> 
     </span>
     <span class='ocr_line' id='line_1_24' title="bbox 392 2991 2782 3061; baseline 0.001 -13"><span class='ocrx_word' id='word_1_175' title='bbox 392 2992 629 3049; x_wconf 79' lang='lat' dir='ltr'><strong>adduxit</strong></span> <span class='ocrx_word' id='word_1_176' title='bbox 666 2998 727 3047; x_wconf 87' lang='lat' dir='ltr'><strong>et</strong></span> <span class='ocrx_word' id='word_1_177' title='bbox 760 2992 1003 3061; x_wconf 78' lang='lat' dir='ltr'><strong>Pragam</strong></span> <span class='ocrx_word' id='word_1_178' title='bbox 1051 2992 1113 3046; x_wconf 89' lang='lat' dir='ltr'><strong>in</strong></span> <span class='ocrx_word' id='word_1_179' title='bbox 1148 2992 1238 3047; x_wconf 86' lang='lat' dir='ltr'><strong>die</strong></span> <span class='ocrx_word' id='word_1_180' title='bbox 1281 2991 1331 3046; x_wconf 91' lang='lat' dir='ltr'><strong>b.</strong></span> <span class='ocrx_word' id='word_1_181' title='bbox 1368 2992 1585 3048; x_wconf 81' lang='lat' dir='ltr'><strong>Nicolai</strong></span> <span class='ocrx_word' id='word_1_182' title='bbox 1634 3009 1758 3048; x_wconf 85' lang='lat' dir='ltr'><strong>cum</strong></span> <span class='ocrx_word' id='word_1_183' title='bbox 1805 3008 1869 3049; x_wconf 87' lang='lat' dir='ltr'><strong>eo</strong></span> <span class='ocrx_word' id='word_1_184' title='bbox 1919 2992 2132 3061; x_wconf 86' lang='lat' dir='ltr'><strong>pariter</strong></span> <span class='ocrx_word' id='word_1_185' title='bbox 2183 2992 2434 3049; x_wconf 79' lang='lat' dir='ltr'><strong>intravit.</strong></span> <span class='ocrx_word' id='word_1_186' title='bbox 2493 2995 2625 3050; x_wconf 89' lang='lat' dir='ltr'><strong>Ideo</strong></span> <span class='ocrx_word' id='word_1_187' title='bbox 2680 3012 2782 3050; x_wconf 80' lang='lat' dir='ltr'><strong>rex</strong></span> 
     </span>
     <span class='ocr_line' id='line_1_25' title="bbox 392 3079 2782 3151; baseline 0.002 -18"><span class='ocrx_word' id='word_1_188' title='bbox 392 3080 633 3135; x_wconf 83' lang='lat' dir='ltr'><strong>Gazimir</strong></span> <span class='ocrx_word' id='word_1_189' title='bbox 668 3080 919 3148; x_wconf 85' lang='lat' dir='ltr'><strong>pluribus</strong></span> <span class='ocrx_word' id='word_1_190' title='bbox 956 3079 1234 3149; x_wconf 85' lang='lat' dir='ltr'><strong>susceptis</strong></span> <span class='ocrx_word' id='word_1_191' title='bbox 1270 3080 1566 3136; x_wconf 83' lang='lat' dir='ltr'><strong>honoribus</strong></span> <span class='ocrx_word' id='word_1_192' title='bbox 1605 3080 1825 3151; x_wconf 79' lang='lat' dir='ltr'><strong>Pragae</strong></span> <span class='ocrx_word' id='word_1_193' title='bbox 1861 3094 1962 3150; x_wconf 77' lang='lat' dir='ltr'><strong>por</strong></span> <span class='ocrx_word' id='word_1_194' title='bbox 1997 3080 2114 3137; x_wconf 87' lang='lat' dir='ltr'><strong>dies</strong></span> <span class='ocrx_word' id='word_1_195' title='bbox 2151 3095 2350 3137; x_wconf 82' lang='lat' dir='ltr'><strong>novem</strong></span> <span class='ocrx_word' id='word_1_196' title='bbox 2385 3082 2592 3137; x_wconf 85' lang='lat' dir='ltr'><strong>mansit</strong></span> <span class='ocrx_word' id='word_1_197' title='bbox 2628 3090 2688 3137; x_wconf 86' lang='lat' dir='ltr'><strong>et</strong></span> <span class='ocrx_word' id='word_1_198' title='bbox 2713 3082 2782 3138; x_wconf 87' lang='lat' dir='ltr'><strong>ad</strong></span> 
     </span>
     <span class='ocr_line' id='line_1_26' title="bbox 394 3164 2782 3239; baseline 0 -16"><span class='ocrx_word' id='word_1_199' title='bbox 394 3182 499 3223; x_wconf 82' lang='lat' dir='ltr'><strong>sua</strong></span> <span class='ocrx_word' id='word_1_200' title='bbox 550 3164 775 3221; x_wconf 85' lang='lat' dir='ltr'><strong>rediens</strong></span> <span class='ocrx_word' id='word_1_201' title='bbox 834 3165 925 3237; x_wconf 78' lang='lat' dir='ltr'><strong>ius</strong></span> <span class='ocrx_word' id='word_1_202' title='bbox 985 3173 1046 3222; x_wconf 89' lang='lat' dir='ltr'><strong>et</strong></span> <span class='ocrx_word' id='word_1_203' title='bbox 1100 3166 1327 3221; x_wconf 87' lang='lat' dir='ltr'><strong>titulum</strong></span> <span class='ocrx_word' id='word_1_204' title='bbox 1382 3167 1543 3236; x_wconf 82' lang='lat' dir='ltr'><strong>regni</strong></span> <span class='ocrx_word' id='word_1_205' title='bbox 1598 3166 1863 3223; x_wconf 88' lang='lat' dir='ltr'><strong>Poloniae</strong></span> <span class='ocrx_word' id='word_1_206' title='bbox 1925 3168 2312 3223; x_wconf 85' lang='lat' dir='ltr'><strong>consentiente</strong></span> <span class='ocrx_word' id='word_1_207' title='bbox 2371 3168 2586 3225; x_wconf 87' lang='lat' dir='ltr'><strong>Joanne</strong></span> <span class='ocrx_word' id='word_1_208' title='bbox 2650 3182 2782 3239; x_wconf 84' lang='lat' dir='ltr'><strong>rege</strong></span> 
     </span>
     <span class='ocr_line' id='line_1_27' title="bbox 392 3252 2784 3325; baseline 0.002 -18"><span class='ocrx_word' id='word_1_209' title='bbox 392 3252 653 3309; x_wconf 73' lang='lat' dir='ltr'><strong>hilariter</strong></span> <span class='ocrx_word' id='word_1_210' title='bbox 688 3253 1015 3322; x_wconf 82' lang='lat' dir='ltr'><strong>reportavit.</strong></span> <span class='ocrx_word' id='word_1_211' title='bbox 1054 3254 1241 3323; x_wconf 80' lang='lat' dir='ltr'><strong>Igitur</strong></span> <span class='ocrx_word' id='word_1_212' title='bbox 1280 3270 1347 3309; x_wconf 84' lang='lat' dir='ltr'><strong>ex</strong></span> <span class='ocrx_word' id='word_1_213' title='bbox 1385 3254 1491 3307; x_wconf 89' lang='lat' dir='ltr'><strong>hac</strong></span> <span class='ocrx_word' id='word_1_214' title='bbox 1526 3254 1616 3309; x_wconf 86' lang='lat' dir='ltr'><strong>die</strong></span> <span class='ocrx_word' id='word_1_215' title='bbox 1652 3255 1896 3311; x_wconf 87' lang='lat' dir='ltr'><strong>Joannes</strong></span> <span class='ocrx_word' id='word_1_216' title='bbox 1935 3270 2031 3309; x_wconf 85' lang='lat' dir='ltr'><strong>rex</strong></span> <span class='ocrx_word' id='word_1_217' title='bbox 2069 3262 2185 3309; x_wconf 90' lang='lat' dir='ltr'><strong>tam</strong></span> <span class='ocrx_word' id='word_1_218' title='bbox 2233 3254 2438 3323; x_wconf 80' lang='lat' dir='ltr'><strong>sigillis</strong></span> <span class='ocrx_word' id='word_1_219' title='bbox 2479 3272 2644 3323; x_wconf 85' lang='lat' dir='ltr'><strong>quam</strong></span> <span class='ocrx_word' id='word_1_220' title='bbox 2669 3259 2784 3325; x_wconf 86' lang='lat' dir='ltr'><strong>epi·</strong></span> 
     </span>
     <span class='ocr_line' id='line_1_28' title="bbox 399 3340 2786 3411; baseline 0.002 -17"><span class='ocrx_word' id='word_1_221' title='bbox 399 3340 567 3394; x_wconf 85' lang='lat' dir='ltr'><strong>stolis</strong></span> <span class='ocrx_word' id='word_1_222' title='bbox 611 3340 859 3395; x_wconf 76' lang='lat' dir='ltr'><strong>cessavit</strong></span> <span class='ocrx_word' id='word_1_223' title='bbox 897 3354 955 3395; x_wconf 85' lang='lat' dir='ltr'><strong>se</strong></span> <span class='ocrx_word' id='word_1_224' title='bbox 994 3355 1217 3410; x_wconf 80' lang='lat' dir='ltr'><strong>„regem</strong></span> <span class='ocrx_word' id='word_1_225' title='bbox 1239 3340 1538 3397; x_wconf 84' lang='lat' dir='ltr'><strong>Poloniae“</strong></span> <span class='ocrx_word' id='word_1_226' title='bbox 1566 3342 1867 3397; x_wconf 88' lang='lat' dir='ltr'><strong>nominare.</strong></span> <span class='ocrx_word' id='word_1_227' title='bbox 1893 3340 1999 3396; x_wconf 86' lang='lat' dir='ltr'><strong>Isti</strong></span> <span class='ocrx_word' id='word_1_228' title='bbox 2025 3341 2216 3409; x_wconf 83' lang='lat' dir='ltr'><strong>itaque</strong></span> <span class='ocrx_word' id='word_1_229' title='bbox 2241 3348 2356 3395; x_wconf 86' lang='lat' dir='ltr'><strong>tres</strong></span> <span class='ocrx_word' id='word_1_230' title='bbox 2383 3356 2548 3411; x_wconf 81' lang='lat' dir='ltr'><strong>reges</strong></span> <span class='ocrx_word' id='word_1_231' title='bbox 2573 3343 2786 3411; x_wconf 85' lang='lat' dir='ltr'><strong>pariter</strong></span> 
     </span>
     <span class='ocr_line' id='line_1_29' title="bbox 395 3426 2781 3498; baseline 0.001 -16"><span class='ocrx_word' id='word_1_232' title='bbox 395 3426 776 3482; x_wconf 73' lang='lat' dir='ltr'><strong>confoederati</strong></span> <span class='ocrx_word' id='word_1_233' title='bbox 814 3442 876 3481; x_wconf 87' lang='lat' dir='ltr'><strong>se</strong></span> <span class='ocrx_word' id='word_1_234' title='bbox 894 3426 1095 3497; x_wconf 84' lang='lat' dir='ltr'><strong>juvare</strong></span> <span class='ocrx_word' id='word_1_235' title='bbox 1118 3434 1310 3483; x_wconf 86' lang='lat' dir='ltr'><strong>mutuo</strong></span> <span class='ocrx_word' id='word_1_236' title='bbox 1336 3444 1481 3483; x_wconf 87' lang='lat' dir='ltr'><strong>nunc</strong></span> <span class='ocrx_word' id='word_1_237' title='bbox 1508 3435 1704 3484; x_wconf 86' lang='lat' dir='ltr'><strong>contra</strong></span> <span class='ocrx_word' id='word_1_238' title='bbox 1729 3444 1917 3484; x_wconf 90' lang='lat' dir='ltr'><strong>omnes</strong></span> <span class='ocrx_word' id='word_1_239' title='bbox 1945 3427 2084 3482; x_wconf 85' lang='lat' dir='ltr'><strong>alios</strong></span> <span class='ocrx_word' id='word_1_240' title='bbox 2110 3427 2392 3496; x_wconf 80' lang='lat' dir='ltr'><strong>principes</strong></span> <span class='ocrx_word' id='word_1_241' title='bbox 2413 3436 2545 3483; x_wconf 83' lang='lat' dir='ltr'><strong>sunt</strong></span> <span class='ocrx_word' id='word_1_242' title='bbox 2572 3432 2781 3498; x_wconf 86' lang='lat' dir='ltr'><strong>parati.</strong></span> 
     </span>
    </p>

    <p class='ocr_par' dir='ltr' id='par_1_10' title="bbox 392 3514 2779 3762">
     <span class='ocr_line' id='line_1_30' title="bbox 600 3514 2779 3585; baseline 0.001 -17"><span class='ocrx_word' id='word_1_243' title='bbox 600 3514 721 3569; x_wconf 87' lang='lat' dir='ltr'><strong>Hoc</strong></span> <span class='ocrx_word' id='word_1_244' title='bbox 757 3514 948 3583; x_wconf 86' lang='lat' dir='ltr'><strong>itaque</strong></span> <span class='ocrx_word' id='word_1_245' title='bbox 984 3529 1217 3584; x_wconf 81' lang='lat' dir='ltr'><strong>regnum</strong></span> <span class='ocrx_word' id='word_1_246' title='bbox 1254 3515 1534 3585; x_wconf 87' lang='lat' dir='ltr'><strong>Poloniae,</strong></span> <span class='ocrx_word' id='word_1_247' title='bbox 1573 3516 1718 3584; x_wconf 87' lang='lat' dir='ltr'><strong>quod</strong></span> <span class='ocrx_word' id='word_1_248' title='bbox 1755 3514 1994 3584; x_wconf 86' lang='lat' dir='ltr'><strong>triginta</strong></span> <span class='ocrx_word' id='word_1_249' title='bbox 2029 3520 2244 3583; x_wconf 86' lang='lat' dir='ltr'><strong>septem</strong></span> <span class='ocrx_word' id='word_1_250' title='bbox 2265 3515 2428 3570; x_wconf 83' lang='lat' dir='ltr'><strong>annis</strong></span> <span class='ocrx_word' id='word_1_251' title='bbox 2461 3516 2518 3571; x_wconf 91' lang='lat' dir='ltr'><strong>in</strong></span> <span class='ocrx_word' id='word_1_252' title='bbox 2543 3530 2779 3585; x_wconf 86' lang='lat' dir='ltr'><strong>persona</strong></span> 
     </span>
     <span class='ocr_line' id='line_1_31' title="bbox 392 3600 2778 3672; baseline 0 -15"><span class='ocrx_word' id='word_1_253' title='bbox 392 3600 715 3665; x_wconf 78' lang='lat' dir='ltr'><strong>wenceslai</strong></span> <span class='ocrx_word' id='word_1_254' title='bbox 756 3602 909 3671; x_wconf 84' lang='lat' dir='ltr'><strong>regis</strong></span> <span class='ocrx_word' id='word_1_255' title='bbox 945 3602 1136 3658; x_wconf 80' lang='lat' dir='ltr'><strong>fuerat</strong></span> <span class='ocrx_word' id='word_1_256' title='bbox 1171 3618 1343 3672; x_wconf 83' lang='lat' dir='ltr'><strong>regno</strong></span> <span class='ocrx_word' id='word_1_257' title='bbox 1381 3602 1640 3659; x_wconf 84' lang='lat' dir='ltr'><strong>Boemiae</strong></span> <span class='ocrx_word' id='word_1_258' title='bbox 1681 3602 1917 3669; x_wconf 87' lang='lat' dir='ltr'><strong>unitum,</strong></span> <span class='ocrx_word' id='word_1_259' title='bbox 1967 3600 2034 3656; x_wconf 84' lang='lat' dir='ltr'><strong>ab</strong></span> <span class='ocrx_word' id='word_1_260' title='bbox 2071 3602 2194 3671; x_wconf 87' lang='lat' dir='ltr'><strong>ipso</strong></span> <span class='ocrx_word' id='word_1_261' title='bbox 2243 3603 2399 3658; x_wconf 87' lang='lat' dir='ltr'><strong>modo</strong></span> <span class='ocrx_word' id='word_1_262' title='bbox 2450 3603 2778 3671; x_wconf 84' lang='lat' dir='ltr'><strong>quibusdam</strong></span> 
     </span>
     <span class='ocr_line' id='line_1_32' title="bbox 394 3688 2624 3762; baseline 0.002 -21"><span class='ocrx_word' id='word_1_263' title='bbox 394 3688 633 3757; x_wconf 84' lang='lat' dir='ltr'><strong>adiectis</strong></span> <span class='ocrx_word' id='word_1_264' title='bbox 672 3688 1079 3745; x_wconf 85' lang='lat' dir='ltr'><strong>conditionibus</strong></span> <span class='ocrx_word' id='word_1_265' title='bbox 1117 3696 1207 3745; x_wconf 84' lang='lat' dir='ltr'><strong>est</strong></span> <span class='ocrx_word' id='word_1_266' title='bbox 1242 3689 1495 3746; x_wconf 76' lang='lat' dir='ltr'><strong>divisum.</strong></span> <span class='ocrx_word' id='word_1_267' title='bbox 1534 3690 1748 3762; x_wconf 74' lang='lat' dir='ltr'><strong>(Chr-on.</strong></span> <span class='ocrx_word' id='word_1_268' title='bbox 1785 3692 1961 3743; x_wconf 77' lang='lat' dir='ltr'><strong>Aulne</strong></span> <span class='ocrx_word' id='word_1_269' title='bbox 2001 3691 2195 3758; x_wconf 66' lang='lat' dir='ltr'><strong>Regiae</strong></span> <span class='ocrx_word' id='word_1_270' title='bbox 2234 3690 2310 3743; x_wconf 78' lang='lat' dir='ltr'><strong>acl</strong></span> <span class='ocrx_word' id='word_1_271' title='bbox 2345 3690 2410 3743; x_wconf 77' lang='lat' dir='ltr'><strong>A.</strong></span> <span class='ocrx_word' id='word_1_272' title='bbox 2447 3694 2624 3762; x_wconf 81' lang='lat'><strong>1335.)</strong></span> 
     </span>
    </p>
   </div>
   <div class='ocr_carea' id='block_1_10' title="bbox 392 3812 2779 4415">
    <p class='ocr_par' dir='ltr' id='par_1_11' title="bbox 392 3812 2779 4415">
     <span class='ocr_line' id='line_1_33' title="bbox 598 3812 2779 3898; baseline 0.002 -21"><span class='ocrx_word' id='word_1_273' title='bbox 598 3812 681 3877; x_wconf 94' lang='lat' dir='ltr'><strong>In</strong></span> <span class='ocrx_word' id='word_1_274' title='bbox 726 3812 986 3879; x_wconf 90' lang='lat' dir='ltr'><strong>nomine</strong></span> <span class='ocrx_word' id='word_1_275' title='bbox 1048 3812 1314 3881; x_wconf 91' lang='lat' dir='ltr'><strong>Domini</strong></span> <span class='ocrx_word' id='word_1_276' title='bbox 1372 3832 1581 3880; x_wconf 90' lang='lat' dir='ltr'><strong>amen.</strong></span> <span class='ocrx_word' id='word_1_277' title='bbox 1640 3814 1835 3881; x_wconf 90' lang='lat' dir='ltr'><strong>Anno</strong></span> <span class='ocrx_word' id='word_1_278' title='bbox 1899 3813 2194 3898; x_wconf 86' lang='lat' dir='ltr'><strong>ejusdem</strong></span> <span class='ocrx_word' id='word_1_279' title='bbox 2255 3818 2420 3881; x_wconf 83' lang='lat'>1335</span> <span class='ocrx_word' id='word_1_280' title='bbox 2477 3812 2546 3879; x_wconf 92' lang='lat' dir='ltr'><strong>in</strong></span> <span class='ocrx_word' id='word_1_281' title='bbox 2603 3812 2779 3882; x_wconf 89' lang='lat' dir='ltr'><strong>festo</strong></span> 
     </span>
     <span class='ocr_line' id='line_1_34' title="bbox 392 3914 2776 4001; baseline 0.001 -20"><span class='ocrx_word' id='word_1_282' title='bbox 392 3915 455 3981; x_wconf 92' lang='lat' dir='ltr'><strong>b.</strong></span> <span class='ocrx_word' id='word_1_283' title='bbox 498 3914 950 3985; x_wconf 85' lang='lat' dir='ltr'><strong>Bartholomei</strong></span> <span class='ocrx_word' id='word_1_284' title='bbox 994 3936 1097 4001; x_wconf 84' lang='lat' dir='ltr'><strong>ap.</strong></span> <span class='ocrx_word' id='word_1_285' title='bbox 1151 3936 1272 3985; x_wconf 87' lang='lat' dir='ltr'><strong>nos</strong></span> <span class='ocrx_word' id='word_1_286' title='bbox 1332 3917 1572 4001; x_wconf 87' lang='lat' dir='ltr'><strong>Spitko</strong></span> <span class='ocrx_word' id='word_1_287' title='bbox 1634 3916 2058 4001; x_wconf 78' lang='lat' dir='ltr'><strong>castellanuS,</strong></span> <span class='ocrx_word' id='word_1_288' title='bbox 2120 3916 2445 3999; x_wconf 86' lang='lat' dir='ltr'><strong>Sbignens</strong></span> <span class='ocrx_word' id='word_1_289' title='bbox 2502 3936 2776 4000; x_wconf 88' lang='lat' dir='ltr'><strong>praepo·</strong></span> 
     </span>
     <span class='ocr_line' id='line_1_35' title="bbox 394 4018 2778 4106; baseline 0.003 -23"><span class='ocrx_word' id='word_1_290' title='bbox 394 4018 564 4084; x_wconf 89' lang='lat' dir='ltr'><strong>situs</strong></span> <span class='ocrx_word' id='word_1_291' title='bbox 608 4018 1091 4102; x_wconf 78' lang='lat' dir='ltr'><strong>cracoviensis,</strong></span> <span class='ocrx_word' id='word_1_292' title='bbox 1135 4023 1381 4089; x_wconf 89' lang='lat' dir='ltr'><strong>Petrus</strong></span> <span class='ocrx_word' id='word_1_293' title='bbox 1427 4022 1838 4089; x_wconf 88' lang='lat' dir='ltr'><strong>castellanus</strong></span> <span class='ocrx_word' id='word_1_294' title='bbox 1872 4020 2460 4106; x_wconf 79' lang='lat' dir='ltr'><strong>SandomeriensiS,</strong></span> <span class='ocrx_word' id='word_1_295' title='bbox 2491 4021 2778 4090; x_wconf 82' lang='lat' dir='ltr'><strong>Thomas</strong></span> 
     </span>
     <span class='ocr_line' id='line_1_36' title="bbox 396 4122 2777 4211; baseline 0.003 -25"><span class='ocrx_word' id='word_1_296' title='bbox 396 4122 476 4187; x_wconf 92' lang='lat' dir='ltr'><strong>de</strong></span> <span class='ocrx_word' id='word_1_297' title='bbox 519 4122 860 4190; x_wconf 82' lang='lat' dir='ltr'><strong>Zainncko</strong></span> <span class='ocrx_word' id='word_1_298' title='bbox 908 4130 979 4191; x_wconf 86' lang='lat' dir='ltr'><strong>et</strong></span> <span class='ocrx_word' id='word_1_299' title='bbox 1022 4124 1316 4193; x_wconf 86' lang='lat' dir='ltr'><strong>Nimissa</strong></span> <span class='ocrx_word' id='word_1_300' title='bbox 1362 4125 1776 4211; x_wconf 85' lang='lat' dir='ltr'><strong>Mandrossa,</strong></span> <span class='ocrx_word' id='word_1_301' title='bbox 1815 4133 2288 4209; x_wconf 87' lang='lat' dir='ltr'><strong>procuratores</strong></span> <span class='ocrx_word' id='word_1_302' title='bbox 2341 4144 2383 4191; x_wconf 88' lang='lat' dir='ltr'><strong>a</strong></span> <span class='ocrx_word' id='word_1_303' title='bbox 2431 4126 2777 4208; x_wconf 81' lang='lat' dir='ltr'><strong>magnifico</strong></span> 
     </span>
     <span class='ocr_line' id='line_1_37' title="bbox 394 4226 2774 4321; baseline 0.003 -30"><span class='ocrx_word' id='word_1_304' title='bbox 394 4226 689 4311; x_wconf 87' lang='lat' dir='ltr'><strong>principe</strong></span> <span class='ocrx_word' id='word_1_305' title='bbox 763 4233 831 4295; x_wconf 82' lang='lat' dir='ltr'><strong>et</strong></span> <span class='ocrx_word' id='word_1_306' title='bbox 908 4230 1163 4321; x_wconf 83' lang='lat' dir='ltr'><strong>domino</strong></span> <span class='ocrx_word' id='word_1_307' title='bbox 1237 4231 1566 4298; x_wconf 86' lang='lat' dir='ltr'><strong>Cazimiro</strong></span> <span class='ocrx_word' id='word_1_308' title='bbox 1640 4249 1800 4316; x_wconf 85' lang='lat' dir='ltr'><strong>rege</strong></span> <span class='ocrx_word' id='word_1_309' title='bbox 1875 4230 2190 4297; x_wconf 86' lang='lat' dir='ltr'><strong>Poloniae</strong></span> <span class='ocrx_word' id='word_1_310' title='bbox 2265 4230 2616 4297; x_wconf 89' lang='lat' dir='ltr'><strong>constituti</strong></span> <span class='ocrx_word' id='word_1_311' title='bbox 2688 4232 2774 4298; x_wconf 88' lang='lat' dir='ltr'><strong>ad</strong></span> 
     </span>
     <span class='ocr_line' id='line_1_38' title="bbox 392 4328 2773 4415; baseline 0.001 -17"><span class='ocrx_word' id='word_1_312' title='bbox 392 4328 822 4414; x_wconf 83' lang='lat' dir='ltr'><strong>infrascripta</strong></span> <span class='ocrx_word' id='word_1_313' title='bbox 878 4334 1157 4401; x_wconf 85' lang='lat' dir='ltr'><strong>realiter</strong></span> <span class='ocrx_word' id='word_1_314' title='bbox 1214 4340 1419 4415; x_wconf 85' lang='lat' dir='ltr'><strong>atque</strong></span> <span class='ocrx_word' id='word_1_315' title='bbox 1480 4335 1624 4401; x_wconf 87' lang='lat' dir='ltr'><strong>dati</strong></span> <span class='ocrx_word' id='word_1_316' title='bbox 1668 4371 1754 4382; x_wconf 90' lang='lat'><em>-</em></span> <span class='ocrx_word' id='word_1_317' title='bbox 1798 4336 1886 4400; x_wconf 86' lang='lat' dir='ltr'><strong>ad</strong></span> <span class='ocrx_word' id='word_1_318' title='bbox 1947 4333 2404 4401; x_wconf 81' lang='lat' dir='ltr'><strong>universorum</strong></span> <span class='ocrx_word' id='word_1_319' title='bbox 2467 4334 2773 4400; x_wconf 87' lang='lat' dir='ltr'><strong>notitiam</strong></span> 
     </span>
    </p>
   </div>
  </div>
 </body>
</html>
