3288 4973
1687 456 1776 467 -
1823 426 1948 487 166
1991 458 2079 469 —-

888 628 1145 713 Quibus
1188 629 1435 695 castris
1480 638 1549 696 et
1593 629 1954 697 fortaliciis
1991 630 2392 717 expugnatis
2423 635 2496 697 et
2523 630 2880 713 acquisitis,
2907 629 3033 711 ipsa

678 734 947 817 penitus
991 736 1431 801 destruantur
1474 743 1545 801 et
1588 734 1788 801 bonis
1833 738 2188 804 eorundem
2233 736 2524 806 venditis
2554 736 2754 802 laesis
2779 733 3032 801 indilate

676 838 793 905 fiat
838 840 1136 921 emenda,
1182 839 1313 905 nisi
1356 838 1527 907 talia
1570 845 1800 907 castra
1841 847 1962 907 ant
2014 840 2350 909 fortalicia
2402 848 2727 909 terrarum
2779 838 3036 909 confinia

672 943 1179 1027 contingerent3
1222 948 1385 1009 tunc
1414 944 1589 1010 enim
1620 944 2032 1011 dominorum
2063 946 2344 1015 arbitrio
2375 944 2836 1027 temporalium
2863 944 3037 1011 relin-

668 1054 935 1131 quatur,
978 1066 1065 1115 an
1114 1066 1197 1115 ea
1240 1046 1453 1130 magis
1497 1050 1760 1115 destrui
1819 1048 2054 1133 velint,
2109 1060 2232 1117 aut
2293 1052 2536 1135 potius,
2597 1050 2762 1133 ipsis
2823 1048 3037 1117 locatis

675 1153 1053 1220 hominibus
1096 1152 1417 1235 pacificis,
1466 1153 1615 1236 ipsa
1660 1173 1780 1236 pro
1827 1172 1904 1223 se
1949 1161 2022 1222 et
2065 1164 2395 1223 terrarum
2441 1156 2824 1223 defensione
2853 1172 3039 1221 reser-

682 1276 863 1339 vare,
930 1258 1114 1340 prius
1183 1258 1425 1324 damna
1488 1259 1712 1341 passis
1779 1258 2244 1328 satisfactione
2301 1262 2626 1343 condigna
2683 1258 3040 1343 praemissa.

890 1361 1052 1429 Cum
1096 1366 1323 1429 autem
1366 1363 1770 1446 spoliatores
1801 1382 2228 1447 quoscunque
2259 1369 2346 1433 de
2373 1385 2503 1432 uno
2535 1384 2738 1449 regno
2764 1366 2850 1429 ad
2881 1362 3042 1429 aliud

684 1486 765 1533 ac
796 1468 883 1534 ad
912 1472 1137 1535 terras
1166 1472 1441 1534 nostrae
1479 1468 1762 1535 dicionis
1807 1476 1930 1535 aut
1973 1470 2344 1555 principum
2388 1471 2578 1537 nobis
2621 1470 3044 1555 subjectorum

684 1572 893 1655 (quod
937 1572 1147 1657 absit)
1192 1573 1616 1658 contingeret
1669 1574 1980 1657 transire,
2025 1575 2240 1657 spolia
2283 1574 2722 1643 commissuri:
2769 1575 3044 1642 volumus

681 1682 753 1743 et
798 1678 1184 1744 mandamus
1228 1694 1353 1761 per
1396 1679 1784 1760 capitaneos
1833 1680 2178 1763 utriusque
2223 1681 2458 1765 partiS,
2499 1682 2680 1763 ipsos
2733 1680 3044 1747 maleficos

676 1800 799 1863 per
842 1780 990 1848 fora
1034 1782 1299 1863 publice
1344 1782 1744 1865 proclamari
1789 1804 1871 1851 ac
1917 1784 2288 1853 efficaciter
2329 1786 2634 1869 impediri
2677 1792 2750 1853 et
2795 1784 2882 1872 (si
2917 1782 3046 1851 fieri

674 1886 955 1972 poterit)
1000 1885 1325 1967 detineri3
1370 1887 1664 1969 alioquin
1720 1890 2007 1971 dampna
2053 1909 2177 1973 per
2235 1892 2607 1959 huiusmodi
2667 1890 3046 1975 spoliatores

672 1989 857 2055 facta
902 1992 1187 2075 ipsimet,
1234 1992 1303 2057 in
1350 2010 1623 2073 quorum
1677 1993 2158 2063 munitionibus
2217 2002 2290 2062 et
2346 1998 2524 2079 apud
2581 2014 2745 2077 quos
2805 1994 3042 2077 reperti

674 2094 941 2177 fuerint,
986 2096 1190 2163 laesis
1236 2098 1321 2164 de
1366 2098 1635 2179 proprio
1683 2098 1861 2165 infra
1917 2102 2084 2167 duas
2147 2099 2254 2186 (ut
2315 2099 2802 2185 praemittitur)
2861 2098 3047 2181 septi·

674 2216 923 2284 manaS‚
970 2202 1303 2269 resarcire
1345 2205 1758 2270 tenebuntur
1806 2211 1875 2269 et
1905 2206 2029 2271 hoc
2065 2204 2274 2287 ipsum
2307 2208 2483 2287 quod
2515 2205 2642 2287 ipsi
2673 2204 3050 2286 spoliatores

675 2304 745 2369 in
816 2306 1279 2387 persecutione
1352 2306 1493 2389 pati
1572 2309 1930 2375 debebunt.
2005 2310 2148 2392 Ipsi
2215 2316 2436 2378 autem
2515 2309 2914 2393 spoliatores
2993 2306 3050 2371 in

673 2410 897 2492 regnis
962 2410 1273 2479 Boemiae
1318 2420 1391 2479 et
1435 2410 1755 2481 Poloniae
1801 2414 2172 2498 praedictis
2217 2432 2296 2484 ac
2341 2418 2410 2482 in
2457 2416 2752 2483 omnibus
2813 2411 3046 2481 nostris

674 2521 745 2582 et
810 2516 1179 2600 principum
1250 2519 1439 2585 nobis
1508 2518 1958 2602 subjectorum
2026 2523 2229 2588 terris
2299 2521 2664 2590 efficaciter
2721 2518 2860 2586 sint
2919 2535 3050 2600 pro-

674 2621 911 2702 scripti
990 2629 1059 2688 et
1134 2621 1199 2688 in
1272 2623 1639 2705 praedictis
1729 2626 2030 2692 omnibus
2106 2627 2334 2711 regnis
2403 2630 2604 2707 atque
2673 2623 2876 2690 terris
2943 2640 3046 2705 pro

678 2724 971 2807 profugis
1015 2726 1409 2813 habeantur,
1444 2733 1519 2793 ut
1550 2747 1681 2795 vox
1712 2729 2001 2812 ipsorum
2033 2737 2350 2812 tanquam
2379 2730 2646 2797 funesta
2676 2735 2746 2794 et
2774 2729 3044 2810 reproba

675 2834 910 2896 contra
955 2849 1207 2898 omnem
1255 2833 1583 2899 hominem
1647 2841 2018 2918 reputetur,
2081 2838 2290 2904 donec
2351 2841 2644 2902 nostrum
2711 2833 3045 2912 utriusque

680 2933 966 3016 gratiam
1013 2941 1398 3002 mereantur
1442 2938 1764 3005 obtinere.

882 3040 1189 3105 Ceterum
1266 3041 1564 3110 volumus
1643 3043 2128 3112 inviolabiliter
2203 3047 2612 3127 ordinantes,
2677 3043 2854 3124 quod
2921 3057 3047 3106 cum

676 3143 936 3226 profugi
980 3163 1097 3210 seu
1146 3146 1561 3228 spoliatores·
1592 3147 1964 3217 huiusmodi
2011 3151 2096 3216 de
2141 3167 2269 3216 uno
2317 3166 2521 3230 regno
2565 3148 2650 3214 ad
2697 3145 2882 3212 aliud
2919 3161 3050 3211 cum

674 3247 904 3329 spoliis
952 3246 1057 3314 vel
1107 3249 1251 3314 sine
1299 3250 1530 3332 spoliis
1578 3254 1929 3340 accedunt,
1965 3272 2086 3335 per
2117 3255 2497 3339 terrigenas
2529 3251 2821 3318 eiusdem
2853 3246 3050 3332 regni,

674 3353 760 3416 ad
806 3353 979 3432 quod
1034 3352 1311 3436 fugiunt,
1374 3355 1443 3420 in
1504 3356 1848 3440 agnitione
1914 3363 1985 3424 et
2049 3359 2114 3424 in
2181 3357 2643 3439 insequutione
2707 3373 2930 3421 eorum
2989 3370 3052 3417 se

676 3457 961 3522 invicem
1006 3456 1295 3525 fideliter
1340 3461 1684 3544 adjuvent.
1731 3462 1919 3530 Alias
1967 3463 2116 3548 ipsi,
2157 3463 2267 3545 qui
2313 3483 2434 3546 pro
2479 3459 2722 3528 auxilio
2768 3465 2838 3526 et
2871 3457 3051 3540 juva·

673 3559 846 3626 mine
872 3559 941 3628 in
964 3560 1334 3643 agitatione
1366 3564 1744 3634 huiusmodi
1777 3567 2212 3649 spoliatorum
2244 3567 2572 3650 requisiti,
2600 3563 3049 3632 inobedientes

673 3663 923 3731 fuerint
984 3669 1055 3730 et
1108 3667 1413 3752 rebelles,
1472 3677 1774 3736 nost-rum
1830 3674 2168 3738 amborum
2253 3670 2773 3754 indignationem
2833 3663 3054 3750 procul

672 3767 871 3835 dubio
918 3786 993 3834 se
1040 3770 1352 3836 noverint
1396 3771 1807 3860 incursuros,
1851 3780 1922 3843 et
1966 3775 2392 3842 nihilominus
2426 3776 2620 3842 iidem
2653 3771 2958 3854 requisiti
2987 3775 3048 3835 et

672 3871 959 3939 rebelles
1005 3871 1222 3939 omnia
1283 3877 1522 3943 damna
1578 3879 1736 3946 inde
1797 3886 2102 3963 sequuta,
2157 3881 2302 3947 sine
2363 3879 2599 3961 quavis
2644 3877 3047 3954 difficultate,
3214 3871 3215 3906 ³

674 3974 1060 4058 persolvent
1087 3975 1353 4063 eisdem,
1385 3998 1506 4062 per
1536 3999 1703 4062 quos
1736 3982 1987 4051 fuerint
2019 4003 2220 4067 super
2251 3983 2619 4051 huiusmodi
2649 3981 3050 4050 insecutione
3213 3909 3216 4096 Ν

674 4080 779 4165 (ut
824 4079 1307 4170 praemittitur)
1354 4085 1686 4166 requisiti.

878 4182 1196 4252 Volumus
1243 4187 1464 4274 etiam,
1510 4195 1587 4255 ut
1631 4191 1800 4259 haec
1841 4197 2073 4259 nostra
2105 4192 2291 4273 pacis
2323 4188 2652 4257 ordinatio
2685 4207 2808 4270 per
2843 4190 3054 4257 decem

674 4305 883 4354 annos
932 4289 1242 4357 continue
1291 4297 1768 4377 computandos
1834 4297 1901 4363 in
1962 4315 2083 4362 suo
2148 4298 2386 4362 robore
2452 4293 2948 4361 immutabiliter
2991 4304 3052 4356 et

676 4391 1070 4460 inconcusse
1116 4403 1529 4476 perseveret.
