3288 4973
1382 369 1731 432 —97—

352 579 639 662 prmoipi
682 579 873 648 nobis
920 579 1201 663 aequali,
1243 585 1361 646 aut
1391 578 1593 644 etiam
1626 579 2038 646 territorium
2069 598 2199 646 non
2230 581 2588 648 habentem
2619 599 2738 648 seu

351 684 725 768 dominium,
766 683 965 752 alteri
1012 685 1142 767 ipsi
1186 702 1394 768 regno
1448 681 1764 750 Boemiae
1827 683 2248 768 competenti,
2309 685 2736 753 munitionem

353 792 653 872 eandem,
696 791 841 857 sive
887 790 1239 857 dominium
1288 790 1539 856 habeat
1585 793 1656 855 et
1699 789 2114 858 territorium
2167 789 2315 856 sive
2373 807 2523 874 non,
2585 809 2745 857 ven·

354 893 641 960 dendam
684 894 795 960 vel
840 893 1261 979 obligandam
1306 891 1473 976 ipsis
1520 892 1685 977 regi,
1731 893 2089 960 heredibus
2137 899 2208 958 et
2252 895 2746 962 successoribus

353 999 491 1064 suis
540 999 857 1066 exhibere
902 1017 1063 1082 prae
1110 997 1357 1065 ceteris
1401 999 1778 1064 debeamus.
1827 997 1955 1082 Qui
2010 1001 2070 1064 si
2113 999 2326 1081 ipsam
2372 1017 2594 1067 emere
2639 1000 2747 1067 vel

354 1103 419 1168 in
462 1102 745 1186 pignore
788 1103 1091 1186 recipere
1145 1101 1499 1185 noluerint,
1548 1101 1856 1184 princeps
1903 1102 2048 1184 ipse
2088 1103 2516 1170 munitionem
2550 1122 2747 1185 prae-

354 1207 627 1292 dictam,
692 1207 1103 1274 territorium
1172 1205 1492 1273 videlicet
1559 1205 1936 1290 habentem,
2001 1225 2224 1274 emens
2285 1215 2406 1274 aut
2465 1208 2746 1292 pignore

350 1317 598 1379 tenens
644 1312 715 1378 in
759 1312 1027 1378 feudum
1072 1309 1286 1393 ipsam
1328 1311 1629 1392 recipere
1661 1311 2005 1379 tenebitur
2036 1313 2120 1377 ab
2155 1310 2422 1396 eisdem,
2451 1311 2747 1394 ipsisque

353 1425 681 1498 tanquam
748 1418 887 1484 suis
953 1416 1137 1486 veris
1210 1415 1490 1482 dominis
1558 1433 1817 1500 parere,
1895 1415 2170 1498 servire,
2246 1415 2594 1484 intendere
2663 1419 2747 1484 de

352 1524 607 1588 eadem.
662 1523 859 1590 Alter
920 1539 1101 1604 vere,
1157 1539 1290 1586 non
1337 1519 1670 1603 princeps,
1717 1538 1939 1587 emens
2001 1521 2110 1589 vel
2171 1520 2448 1604 pignore
2512 1526 2748 1588 tenens

354 1626 789 1694 munitionem
833 1631 1147 1710 nostram,
1194 1629 1270 1691 ut
1314 1623 1746 1709 praedicitur,
1793 1622 2204 1693 territorium
2243 1629 2363 1692 aut
2393 1623 2746 1693 dominium

354 1748 487 1797 non
535 1732 911 1814 habentem,
956 1749 997 1798 a
1042 1729 1251 1812 nobiS‚
1290 1729 1650 1796 heredibus
1681 1735 1752 1794 et
1789 1728 2288 1796 successoribus
2320 1728 2570 1797 nostris
2603 1747 2747 1797 eam

354 1835 417 1900 in
462 1835 737 1902 feudum
779 1835 1080 1917 recipere
1126 1832 1486 1900 tenebitur.
1534 1833 1680 1901 Hoc
1721 1833 2004 1916 adiecto,
2060 1833 2236 1915 quod
2281 1852 2419 1917 rex,
2463 1835 2747 1901 heredes

354 1947 471 2006 aut
550 1957 975 2008 successores
1051 1937 1155 2004 sui
1226 1937 1557 2005 antedicti
1632 1936 2043 2004 municiones
2127 1937 2548 2019 supradictas
2626 1957 2745 2021 pro

354 2061 612 2111 summa
657 2045 905 2126 eadem,
950 2043 1019 2109 in
1065 2059 1196 2123 qua
1242 2041 1580 2125 obligatae
1624 2039 1879 2108 fuerint
1910 2042 2020 2108 vel
2049 2043 2386 2126 venditae,
2419 2042 2744 2110 redimere

357 2150 659 2231 valeant,
705 2148 965 2228 quando
1012 2145 1244 2214 velint.

566 2253 743 2320 Illud
802 2253 1003 2318 etiam
1056 2249 1357 2318 nolumus
1403 2249 1796 2334 praeterire,
1841 2250 2011 2331 quod
2062 2251 2120 2316 si
2157 2267 2294 2336 rex,
2324 2249 2608 2318 'heredes
2643 2251 2751 2320 vel

355 2375 783 2425 successores
830 2356 937 2423 sui
982 2353 1350 2437 saepedicti
1381 2373 1522 2440 nos,
1552 2355 1837 2422 heredes
1868 2357 1988 2422 aut
2026 2372 2448 2422 successores
2479 2361 2748 2423 nostros

358 2483 479 2546 pro
510 2463 918 2546 praestando
951 2459 1116 2544 ipsis
1142 2477 1262 2543 per
1291 2477 1411 2527 nos
1442 2459 1776 2527 adiutorio
1807 2461 1892 2526 ad
1922 2465 2156 2542 partes
2190 2465 2385 2529 extra
2416 2461 2752 2529 Boemiam

360 2574 429 2635 et
474 2567 816 2635 Poloniam
861 2564 1295 2634 evocaverint
1342 2564 1615 2647 alienaS,
1649 2566 2182 2633 subvenientiam
2213 2566 2402 2633 nobis
2439 2567 2752 2651 debitam,

358 2691 443 2739 ne
519 2669 819 2739 servitiis
892 2669 1111 2735 nimiis
1186 2673 1257 2736 et
1322 2666 1855 2752 importabilibus
1914 2688 2454 2756 praegravemur,
2521 2671 2750 2739 facere

360 2782 750 2845 teneantur.

568 2880 652 2947 In
696 2897 972 2961 quorum
1016 2878 1302 2947 omnium
1348 2884 1477 2945 etc.

568 3012 815 3077 Datum
861 3017 934 3077 et
976 3016 1198 3077 actum
1260 3009 1742 3077 Wratislaviae
1802 3009 1920 3076 fer.
1981 3010 2088 3077 111
2147 3016 2301 3093 post
2364 3009 2754 3078 dominicam

360 3116 826 3184 Misericordia
872 3114 1139 3181 Domini
1183 3134 1241 3181 a.
1287 3114 1367 3181 D.
1430 3120 1615 3181 1329.

568 3244 693 3333 (Α.
738 3242 837 3313 Κ.
881 3280 969 3293 -
1011 3242 1207 3310 Arch.
1266 3240 1333 3311 S.
1396 3242 1603 3311 Wenc.
1647 3280 1734 3293 -
1777 3242 1936 3311 Exc.
1998 3243 2184 3329 apud
2243 3242 2636 3331 Griznhayen
2700 3253 2759 3309 et

361 3348 726 3437 Mar-hyras
746 3346 1025 3412 Lehms-
1057 3347 1195 3413 und
1224 3346 1790 3413 Besitzurkunden
1832 3346 2194 3414 Schlesiens
2240 3350 2327 3411 im
2372 3346 2760 3414 Mittelalter

362 3454 414 3521 I.
451 3476 611 3542 paq.
657 3454 805 3521 129.
848 3490 936 3503 —-
980 3450 1141 3521 Eml.
1186 3450 1307 3521 III.
1353 3453 1541 3520 1557.
1590 3488 1670 3504 -
1717 3452 2060 3539 Pulkava.)

570 3681 683 3749 87.
728 3676 1176 3765 Homagium
1222 3676 1551 3748 Com-adi
1598 3676 1818 3748 ducis
1861 3676 2358 3749 Olsnicensis.

1262 3798 1467 3885 1329,
1513 3801 1621 3869 10.
1669 3798 1874 3869 Maii.

572 3938 700 3993 List
736 3938 915 3994 kneze
968 3936 1227 3993 Kunrata
1282 3938 1678 3995 Hlohovskeho
1733 3956 1768 3995 a
1820 3940 2172 4011 Olsnickeho,
2227 3942 2433 3995 kterak
2491 3954 2551 3995 se
2607 3942 2755 3997 krali

368 4024 567 4081 Janovi
602 4026 625 4079 i
660 4024 921 4080 baducim
958 4025 1173 4081 kralom
1210 4042 1244 4081 a
1280 4028 1491 4082 korune
1528 4028 1696 4082 ceske
1732 4042 1794 4083 se
1830 4027 2010 4084 vsemi
2065 4027 2244 4095 svymi
2293 4028 2596 4097 panstvimi
2646 4029 2754 4097 pod

370 4112 645 4169 manstvie
683 4112 845 4169 davd..
886 4114 1040 4167 1329.

573 4236 655 4303 In
685 4236 946 4303 nomine
972 4235 1237 4303 Domini
1260 4256 1467 4305 amen.
1518 4238 1846 4306 Noverint
1871 4240 2171 4306 universi
2195 4244 2332 4305 tam
2366 4244 2760 4322 praesentes

376 4356 567 4420 quam
610 4340 870 4425 posteri
914 4340 1220 4407 notitiam
1266 4343 1720 4422 praesentium
1767 4349 1886 4409 aut
1917 4344 2172 4426 copiam
2206 4344 2522 4429 habituri,
2573 4347 2766 4426 quod,

475 4476 620 4520 Codex
646 4478 731 4528 jur.
768 4478 869 4519 boh.
896 4473 951 4521 11³.
990 4482 1027 4520 ι.
2517 4468 2548 4519 7
