3288 4973
1360 360 1744 421 —315—

354 571 573 648 basso,
617 566 685 631 in
725 565 966 648 oppido
1012 562 1543 644 Namisloviensi‚
1592 564 2173 636 Wratislavieusis
2219 569 2524 652 diocesis,
2571 591 2743 638 anno

354 676 421 736 et
500 671 623 736 die·
686 669 1083 752 subscriptis
1158 668 1225 734 in
1298 669 1476 734 hunc
1564 673 1824 738 modum
1915 673 2216 740 duximus
2307 674 2748 743 amicabiliter

351 777 901 856 concordandum,

565 881 742 961 quod
830 880 1093 946 sincera
1184 881 1310 946 fide
1402 881 1520 945 sub
1606 881 1934 960 praestito
2011 882 2382 948 iuramento
2459 890 2527 948 et
2602 885 2744 952 sine

350 983 525 1050 omni
600 984 747 1050 dolo
814 985 1261 1066 promittimus
1332 984 1718 1064 supradicto
1791 984 2238 1078 Romanorum
2303 992 2372 1052 et
2435 988 2746 1055 Boemiae

350 1089 515 1172 regi,
559 1087 757 1156 fratri
804 1097 1051 1171 nostr0‚
1099 1093 1489 1170 perpetuam
1537 1087 1959 1155 dilectionem
2009 1094 2078 1154 et
2115 1088 2484 1157 fraternam
2519 1091 2743 1158 amici-

351 1193 516 1260 tiam
585 1194 844 1260 cunctis
922 1195 1197 1259 inantea
1280 1191 1525 1257 futuris
1613 1193 2021 1273 temporibus
2087 1193 2568 1262 inviolabiliter
2637 1199 2745 1262 ob·

328 1291 649 1381 servare,
696 1299 793 1364 sic
844 1298 1016 1378 quod
1062 1299 1207 1380 ipse
1254 1315 1453 1364 versa
1499 1297 1648 1364 vice
1693 1298 1883 1362 nobis
1933 1301 2053 1363 sub
2121 1298 2493 1365 iuramento
2552 1300 2747 1366 simili

352 1404 436 1468 ad
485 1403 1022 1468 observationem
1084 1402 1443 1467 earundem
1491 1400 1869 1467 dilectionis
1919 1408 1987 1466 et
2036 1402 2370 1469 amicitiae
2417 1409 2747 1486 teneatur,

355 1512 555 1586 prout
600 1506 666 1572 in
714 1506 1012 1586 antiquis
1059 1505 1309 1570 litteris
1375 1508 1646 1570 nostrae
1712 1505 2106 1572 concordiae
2136 1507 2318 1572 inter
2349 1526 2494 1573 eum
2526 1513 2598 1574 et
2629 1527 2747 1574 nos

353 1609 761 1690 aliquotiens
809 1610 1187 1676 celebratae
1232 1608 1493 1691 plenius
1540 1609 1941 1675 continetur.

566 1714 659 1779 Et
705 1714 1111 1796 supradictis
1173 1712 1400 1778 unioni
1460 1715 1528 1776 et
1589 1712 1928 1778 amicitiae
1987 1714 2316 1780 illustrem
2379 1715 2744 1796 principem

355 1821 415 1885 d.
466 1819 851 1903 Bolkonem,
883 1820 1113 1884 ducem
1146 1816 1704 1900 Swydnicensem,
1739 1822 2046 1898 nepotem
2079 1828 2375 1884 nostrum
2411 1820 2746 1902 dilectum,

354 1927 667 1989 cessante
715 1924 887 1988 omni
937 1921 1373 1988 dissensionis
1422 1920 1738 2004 materia,
1800 1922 1858 1986 si
1906 1941 2034 2002 qua
2095 1923 2273 1988 inter
2335 1923 2746 2004 praedictum

354 2045 583 2112 regem
634 2032 703 2092 et
748 2028 1029 2094 eundem
1075 2028 1329 2110 ducem,
1374 2031 1681 2108 nepotem
1730 2031 2046 2105 nostrum,
2093 2027 2418 2094 hactenus
2467 2033 2575 2094 est
2636 2029 2746 2094 ha-

356 2131 521 2214 bita,
589 2133 891 2198 duximus
960 2131 1444 2210 includendum,
1514 2131 1569 2195 si
1638 2149 1841 2210 super
1908 2130 2037 2196 hiis
2108 2149 2229 2211 per
2297 2133 2750 2214 supradictum

360 2238 590 2302 ducem
640 2237 994 2302 Bolconem
1036 2235 1105 2301 in
1150 2235 1496 2300 iuridicam
1544 2235 2022 2300 discussionem
2060 2235 2344 2302 illustris
2394 2242 2464 2302 et
2495 2237 2748 2318 magni-

359 2341 469 2409 fici
514 2341 855 2423 principis,
902 2343 961 2406 d.
1006 2340 1290 2421 Alberti,
1337 2338 2000 2422 Austriae,.Styriae
2035 2346 2104 2406 et
2137 2340 2521 2408 carinthiae
2557 2342 2746 2407 ducis

362 2463 758 2513 consensum
801 2445 1005 2512 fuerit
1067 2443 1241 2511 infra
1287 2445 1575 2511 triduum
1627 2462 1666 2509 a
1713 2445 1821 2510 die
1869 2447 2168 2511 crastina
2216 2446 2526 2528 continuo
2575 2464 2746 2512 com-

366 2552 746 2632 putandum.

570 2654 973 2736 Specialiter
1018 2654 1217 2719 etiam
1267 2654 1706 2735 promittimus
1753 2659 1821 2719 et
1869 2656 2280 2736 spondemrs,
2328 2658 2498 2735 quod
2539 2656 2751 2721 medio

368 2764 677 2841 tempore,
765 2777 892 2839 quo
962 2776 1083 2839 per
1152 2758 1525 2840 suffragium
1598 2764 1667 2823 et
1735 2760 2042 2825 iuvamen
2111 2759 2441 2841 praedicti
2513 2760 2752 2843 Karoli,

368 2864 809 2930 Romanorum
869 2870 937 2928 et
985 2862 1297 2929 Boemiae
1360 2862 1554 2944 regis,
1618 2864 1945 2929 adversus
1996 2863 2373 2929 Cruciferos
2421 2866 2501 2929 de
2549 2864 2754 2930 Domo

368 2968 777 3035 Theotonica
825 2986 942 3033 seu
989 2968 1289 3033 Bavaros
1337 2968 1402 3032 in
1436 2968 1730 3033 marchia
1772 2967 2357 3050 Brandeburgensi
2389 2974 2752 3050 manentes,

367 3078 577 3139 metas
637 3073 825 3154 regni
892 3072 1105 3138 nostri
1166 3072 1482 3137 Poloniae
1547 3090 1676 3136 non
1745 3072 2388 3153 recuperaverimuS‚
2453 3074 2754 3139 hostibus

370 3183 436 3242 et
502 3176 779 3243 aemulis
839 3177 1002 3242 dicti
1059 3176 1237 3259 regis
1306 3195 1436 3242 non
1504 3176 1850 3256 cooperari
1919 3175 2025 3241 vel
2088 3177 2412 3242 assistere
2490 3178 2754 3249 auxilio,

371 3281 645 3348 consilio
668 3288 739 3347 et
760 3280 1007 3347 favore.
1034 3280 1477 3361 Recuperatis
1504 3287 1730 3346 tamen
1755 3280 2074 3345 limitibus
2103 3282 2288 3362 regni
2324 3281 2535 3347 nostri
2566 3300 2753 3362 prae-

372 3387 531 3452 dicti
561 3387 1008 3467 promittimus
1042 3388 1163 3451 sub
1189 3384 1319 3451 fide
1351 3393 1420 3451 et
1451 3384 1822 3451 iuramento
1857 3384 2163 3465 superius
2199 3386 2537 3465 expressis
2567 3404 2752 3465 prae-

372 3491 547 3556 dicto
594 3490 1041 3556 Romanorum
1085 3496 1156 3555 et
1202 3490 1514 3557 Boemiae
1563 3490 1706 3572 regi
1752 3490 2078 3556 adversus
2126 3508 2380 3554 omnem
2428 3489 2752 3555 hominem

373 3594 695 3677 auxiliari,
740 3601 1002 3661 asstare
1046 3598 1115 3660 et
1146 3593 1485 3674 assistere,
1518 3612 1674 3675 rege
1705 3594 2042 3673 Ungariae
2075 3595 2422 3659 dumtaxat
2454 3603 2755 3675 except0,

374 3706 566 3779 prout
613 3700 682 3764 iu
726 3699 1023 3779 antiquis
1070 3698 1316 3764 litteris
1364 3698 1611 3763 nostris
1663 3702 1765 3762 est
1806 3716 2209 3779 expressum,
2242 3704 2312 3763 et
2347 3698 2755 3779 praedictum

376 3821 591 3885 regem
638 3809 708 3869 et
753 3804 1175 3869 fideiussores
1225 3803 1385 3885 eius,
1434 3802 1544 3882 qni
1607 3801 1799 3866 nobis
1863 3802 2000 3867 suis
2061 3801 2447 3882 patentibus
2508 3802 2758 3869 litteris

378 3926 492 3989 pro
530 3910 811 3987 quadam
844 3925 1094 3973 summa
1128 3904 1448 3990 pecuniae
1482 3908 1929 3988 promiserunt
1962 3909 2044 3971 de
2077 3906 2422 3987 praedicta
2463 3908 2760 3989 pecunia,

378 4012 573 4078 nullis
619 4030 925 4092 umquam
972 4012 1379 4093 temporibus
1429 4028 1820 4077 ammonere.

582 4115 780 4196 Sique
826 4116 1157 4182 adiutorio
1220 4117 1345 4181 Dei
1394 4123 1464 4181 et
1510 4114 1881 4196 supradicti
1945 4114 2120 4196 regis
2183 4115 2497 4197 suffragio
2558 4118 2758 4181 medi-

379 4224 550 4303 ante,
610 4220 805 4287 metis
864 4221 1078 4286 nostri
1141 4221 1331 4303 regni
1388 4220 1638 4285 habitis
1703 4218 2007 4299 primitus
2073 4232 2142 4285 et
2203 4220 2496 4285 obtentis
2555 4220 2757 4300 aliqui

378 4330 809 4406 occupatores
855 4328 935 4391 de
984 4324 1173 4391 bonis
1224 4330 1293 4391 et
1340 4324 1643 4390 dominiis
1691 4325 1777 4389 ad
1811 4341 2087 4407 regnum
2117 4328 2413 4389 nostrum
2446 4324 2760 4391 Poloniae
