3288 4973
1523 486 1909 548 —570-

514 688 932 771 iniquitatem
979 688 1356 757 sententiae
1402 706 1477 755 se
1521 688 1672 771 quis
1718 695 2167 769 conqueretur
2212 707 2619 771 oppressum,
2664 693 2910 754 extunc

513 793 720 859 liceat
765 794 845 877 ei,
894 793 1079 861 cuius
1127 792 1532 875 interfuerit,
1578 794 1644 863 in
1694 812 1915 859 casum
1957 794 2285 859 dictorum
2317 793 2796 877 gravaminum,
2827 793 2913 857 ad

514 904 832 979 nostram,
877 899 1194 964 heredum
1241 903 1312 963 et
1357 915 1823 963 successorum
1868 904 2262 981 nostrorum,
2305 916 2535 980 regum
2580 897 2909 977 Boemiae,

515 1001 910 1067 auditoriam
981 1002 1342 1085 appellare,
1406 1002 1518 1082 qui
1567 1004 1830 1068 demum
1877 1020 2142 1068 causam
2208 1021 2327 1068 seu
2384 1019 2625 1068 causas
2688 1000 2910 1067 huius-

514 1106 690 1171 modi
734 1104 1048 1188 delegare
1098 1109 1414 1187 poterunt
1459 1105 1661 1173 alicui
1708 1105 1836 1172 fide
1886 1105 2083 1189 digno
2132 1124 2216 1171 ex
2259 1105 2398 1171 suis
2439 1104 2747 1185 subditis,
2778 1105 2909 1169 fine

510 1208 796 1293 juridico
843 1209 1350 1275 terminandum.

722 1328 784 1395 A
830 1329 1018 1397 cuius
1065 1335 1290 1396 tamen
1335 1334 1433 1396 sic
1481 1331 1771 1413 delegati
1832 1331 2172 1398 sententia
2220 1349 2352 1396 non
2397 1329 2565 1395 alias
2628 1329 2761 1394 nisi
2826 1328 2913 1394 ad

516 1432 876 1499 illustrium
920 1433 1234 1499 Boemiae
1278 1452 1528 1518 regum,
1599 1436 1713 1514 qui
1759 1453 1876 1516 pro
1924 1440 2223 1515 tempore
2282 1433 2553 1515 fuerint,
2612 1432 2909 1515 regalem

517 1554 847 1603 cameram
935 1537 1162 1617 aliqua
1245 1538 1507 1605 ratione
1585 1538 2008 1605 concedimus
2082 1538 2428 1622 appellari.
2528 1538 2911 1603 Reservata

512 1640 974 1707 nichilominus
1022 1640 1230 1721 nobiS,
1275 1642 1635 1708 heredibus
1685 1648 1755 1708 et
1802 1643 2301 1709 successoribus
2332 1642 2603 1724 nostris,
2636 1640 2907 1723 regibus

514 1742 844 1824 Boemiae,
890 1742 1217 1810 facultate
1265 1750 1335 1809 et
1379 1750 1720 1826 potestate
1785 1746 2015 1828 libera,
2075 1762 2544 1825 quoscunquae
2606 1744 2909 1811 homines

515 1847 1011 1913 marchionatus
1080 1847 1419 1929 Lusatiae,
1487 1848 1556 1913 in
1621 1849 1949 1935 Mulberg,
2016 1848 2197 1915 Strel
2266 1857 2337 1915 et
2404 1850 2908 1930 Werdenhaym

515 1951 946 2017 dominiorum
992 1958 1062 2018 et
1107 1952 1667 2034 pertinentiarum
1714 1954 2017 2038 omnium,
2063 1957 2213 2021 dum
2262 1962 2332 2019 et
2389 1953 2655 2033 quoties
2716 1950 2909 2016 nobis

513 2055 862 2137 placuerit,
909 2073 1299 2136 quacunque
1346 2056 1608 2123 ratione
1660 2075 1777 2123 seu
1824 2076 2026 2125 causa
2074 2077 2193 2140 pro
2224 2063 2453 2123 nostro
2489 2054 2908 2139 beneplacito

513 2161 601 2225 ad
675 2160 890 2225 nostri
963 2160 1412 2241 praesentiam
1487 2162 1829 2244 evocandi,
1914 2180 2033 2228 seu
2116 2180 2237 2244 per
2302 2160 2565 2243 Judices
2640 2165 2907 2225 nostros

515 2263 733 2347 citari,
801 2263 1255 2329 constituendi
1323 2268 1393 2329 et
1459 2264 1528 2329 in
1593 2265 1857 2355 iudicio¹
1914 2266 2034 2331 tali
2096 2267 2294 2349 juxta
2360 2282 2606 2330 morem
2677 2280 2907 2345 proce-

513 2368 730 2449 dendi,
777 2353 968 2433 sicut'
996 2367 1184 2451 regni
1235 2368 1544 2434 Boemiae
1591 2370 1873 2449 antiqua
1919 2375 1989 2435 et
2035 2370 2277 2435 dudum
2320 2372 2685 2435 observata
2717 2370 2907 2433 tenet

514 2474 946 2539 consuetudo,

721 2594 794 2660 Si
841 2595 1014 2674 quod
1046 2598 1270 2660 autem
1303 2598 1626 2662 adversus
1660 2597 2006 2679 praedicta
2041 2615 2160 2662 seu
2193 2597 2476 2662 alterum
2507 2594 2807 2677 ipsorum
2838 2592 2906 2657 in

514 2705 958 2779 contemptum
1004 2699 1378 2780 Imperialis
1425 2701 1639 2766 nostri
1686 2700 1963 2785 decreti,
2008 2719 2134 2768 nec
2166 2719 2295 2765 non
2332 2700 2397 2765 in
2432 2717 2683 2782 regum,
2716 2695 2908 2781 regni

516 2809 586 2868 et
629 2821 916 2869 coronae
969 2803 1285 2870 Boemiae
1342 2803 1825 2887 praeJudicium
1888 2805 2082 2871 fieret
2126 2824 2247 2886 per
2293 2821 2795 2885 quemcunquae
2840 2801 2905 2865 in

514 2925 951 2987 quacunquae
999 2907 1348 2992 dignitate,
1393 2911 1642 2976 honore
1693 2915 1763 2975 et
1810 2917 1994 2976 statu
2042 2914 2382 2975 manente:

720 3047 839 3094 nos
873 3029 1090 3096 omnia
1120 3034 1252 3097 etc.
1281 3029 1381 3116 (ut
1405 3029 1725 3093 sulzbach
1761 3032 1948 3112 1355,
1978 3054 2053 3115 p.
2076 3029 2237 3116 400)
2270 3029 2572 3098 volumus
2606 3024 2905 3110 obligari.

723 3150 792 3215 Si
840 3149 990 3230 quis
1035 3170 1196 3217 vero
1243 3157 1369 3218 etc.
1419 3149 1522 3238 (ut
1563 3148 1885 3214 Sulzbach
1926 3152 2119 3233 1355,
2154 3173 2224 3236 p.
2254 3147 2412 3236 400)
2446 3149 2902 3231 applicandas.

720 3271 870 3336 Non
901 3271 1320 3337 obstantibus
1356 3275 1483 3337 etc.
1526 3269 1628 3358 (ut
1650 3269 1970 3335 Sulzbach
1993 3273 2184 3356 1355,
2204 3295 2282 3358 p.
2302 3271 2465 3358 400)
2493 3275 2903 3356 derogamus,

721 3391 902 3456 Nulli
950 3409 1108 3474 ergo
1157 3395 1279 3457 etc.
1329 3389 1430 3476 (at
1475 3387 1797 3456 Sulzbaoh
1844 3392 2032 3477 1355,
2077 3415 2152 3477 p.
2194 3393 2353 3478 401)
2400 3391 2745 3475 applicari.

724 3510 1132 3595 (Signum
1191 3513 1817 3580 serenissimi
1874 3514 2365 3596 principis
2410 3519 2496 3580 et
2548 3509 2898 3578 domini

517 3611 841 3681 Caroli
888 3615 1503 3682 Romanorum
1557 3616 2204 3699 Imperatoris
2263 3612 2901 3684 invictissimi

515 3725 608 3783 et
664 3719 1404 3804 gloriosissimi,
1449 3720 1896 3789 Boemiae
1955 3723 2265 3808 regis.)

724 3841 963 3908 Testes
1009 3841 1204 3924 hujus
1251 3842 1350 3908 rei
1403 3893 1418 3914 .
1463 3896 1476 3908 .
1524 3893 1540 3908 .

720 3963 1186 4030 Praesentium
1231 3968 1353 4033 sub
1399 3965 1778 4046 Imperialis
1822 3964 2199 4048 majestatis
2246 3965 2467 4050 sigillo
2516 3962 2893 4032 testimonio

511 4069 873 4133 literarum.

723 4205 971 4270 Datum
1021 4207 1284 4290 Pragae
1330 4225 1388 4272 a.
1431 4207 1510 4272 D.
1547 4213 1733 4292 1370,
1766 4209 2140 4275 Indictione
2172 4207 2380 4291 VIII„
2413 4207 2557 4274 Kal.
2592 4205 2895 4292 Augusti,

507 4325 862 4390 regnorum
910 4321 1288 4376 nostrorum
1329 4329 1651 4377 annorum
1687 4318 1788 4395 25,
1821 4313 2134 4379 Boemiae
2169 4317 2270 4395 24,
2300 4311 2572 4394 Imperii
2605 4329 2765 4380 vero
2800 4317 2893 4376 16.

719 4445 841 4528 (A.
887 4446 981 4516 K.
1029 4486 1116 4498 —·
1160 4449 1356 4516 Arch.
1406 4447 1470 4514 S.
1535 4449 1778 4537 Wenc.)
