3288 4973
1541 324 1924 391 —190--

532 526 981 601 sacrosanctis
1009 530 1213 601 tactis
1240 536 1623 619 evangeliis,
1652 537 2091 618 corporaliter
2117 532 2481 603 iuravimus
2507 544 2576 603 et
2599 534 2918 620 juramus.

532 640 705 719 quod
753 640 833 704 de
882 646 1149 706 caetero
1196 640 1266 706 in
1314 650 1702 723 perpetuum
1751 640 1930 707 nullo
1988 660 2292 722 umquam
2325 646 2623 723 tempore
2655 660 2696 707 a
2728 660 2916 723 prae-

529 743 690 808 fatis
737 744 1095 811 baronibus
1143 751 1212 809 et
1256 746 1609 829 nobilibus,
1650 745 2010 813 heredibus
2041 753 2110 813 et
2143 746 2638 813 successoribus
2689 764 2916 811 eorum

529 867 657 914 non
708 850 1064 915 debeamus
1111 859 1227 915 aut
1272 850 1599 931 possimus
1648 851 1936 931 aliquam
1983 853 2329 917 collectam
2374 851 2755 935 generalem
2795 868 2914 916 sen

525 955 800 1020 bernam
847 959 1097 1037 petere,
1144 955 1413 1038 exigere
1460 963 1579 1020 aut
1626 955 1948 1037 recipere,
1995 974 2112 1021 seu
2161 957 2339 1041 exigi
2385 964 2500 1023 ant
2549 956 2760 1037 recipi
2795 973 2912 1037 per

522 1076 659 1142 nos,
705 1058 907 1124 alium
956 1058 1058 1127 vel
1123 1058 1289 1125 alios
1352 1060 1842 1139 quomodolibet
1887 1062 2363 1142 permittemus,
2424 1060 2553 1126 nisi
2611 1060 2680 1127 in
2729 1078 2910 1143 casu,

525 1182 649 1243 quo
698 1173 835 1228 tam
882 1165 962 1229 de
1002 1164 1172 1247 jure,
1220 1182 1417 1243 quam
1463 1166 1543 1229 de
1606 1166 1978 1246 approbata
2043 1166 2370 1231 hactenus
2433 1164 2910 1230 consuetudine

524 1267 757 1333 merito
805 1268 995 1334 nobis
1039 1272 1159 1333 aut
1202 1268 1451 1333 nostris
1501 1270 1786 1335 debetur
1830 1270 2204 1351 heredibuS,
2281 1274 2445 1351 puta
2489 1268 2547 1334 si
2593 1287 2714 1334 nos
2764 1287 2910 1349 per-

519 1373 825 1438 mittente
878 1372 1149 1439 Domino
1198 1373 1621 1456 contingeret
1669 1374 1736 1438 in
1799 1393 2019 1457 regem
2069 1374 2378 1441 Boemiae
2426 1374 2753 1450 coronari,
2799 1374 2905 1439 vel

521 1479 719 1543 filiam
766 1486 1081 1560 nostram,
1128 1478 1187 1542 si
1234 1496 1429 1557 quam
1476 1476 1750 1545 inantea
1811 1480 2231 1545 habuerimus
2280 1485 2349 1545 et
2398 1480 2570 1545 dum·
2607 1480 2781 1544 hanc
2841 1477 2908 1542 in

519 1582 711 1647 annis
758 1581 1058 1646 maritari
1106 1581 1467 1665 contingat,
1516 1589 1584 1647 et
1631 1602 1776 1649 cum
1823 1585 2061 1648 marito
2107 1584 2428 1665 nupserit,
2471 1588 2630 1649 tunc
2664 1583 2908 1647 deinde

517 1690 669 1768 post·
716 1685 908 1751 unius
954 1686 1110 1752 anni
1158 1688 1447 1768 spatium
1497 1687 1707 1769 ipsam
1758 1690 2026 1753 bernam
2076 1690 2156 1755 de
2205 1688 2500 1767 quolibet
2545 1689 2737 1753 laneo
2785 1706 2907 1766 per

518 1789 759 1875 viginti
828 1796 899 1855 et
966 1795 1113 1856 octo
1180 1809 1449 1874 grossos
1510 1792 1890 1875 Pragenses
1953 1794 2338 1873 recipiendo
2393 1794 2757 1873 dumtaxat,
2819 1793 2904 1857 ab

514 1895 678 1976 ipsis
726 1895 1084 1960 baronibus
1132 1905 1201 1960 et
1247 1895 1579 1962 nobilibus
1627 1916 1707 1963 ac
1755 1898 2088 1964 vniuersis
2136 1898 2349 1963 nostri
2401 1896 2902 1963 marchionatus

516 2001 751 2065 incolis
806 1997 989 2065 licite
1032 2006 1281 2084 petere,
1313 2001 1586 2083 exigere
1618 2008 1689 2067 et
1720 2002 2037 2087 recipere,
2073 2002 2434 2085 poterimus
2467 2006 2538 2068 et
2569 2002 2908 2067 debemus.

722 2106 815 2170 Et
860 2107 943 2170 ad
1006 2105 1355 2171 firmiorem
1403 2105 1917 2188 praemissorum
1963 2107 2250 2173 omnium
2297 2105 2765 2184 certitudinem
2835 2111 2906 2171 et

514 2210 943 2276 securitatem
1008 2216 1245 2290 sponte
1294 2228 1415 2276 nos
1464 2211 1830 2293 obligamus
1879 2217 1947 2277 et
1993 2212 2442 2278 submittimus
2489 2213 2574 2276 ad
2619 2228 2906 2292 poenam

510 2314 887 2380 sententiae
936 2314 1631 2381 excommunicationis
1681 2315 1924 2380 domini
1959 2334 2187 2397 papae,
2219 2334 2412 2395 quam
2445 2332 2582 2397 nos,
2613 2315 2902 2379 heredes

510 2425 579 2484 et
646 2436 1069 2485 successores
1134 2419 1346 2485 nostri
1406 2420 1548 2502 ipso
1608 2420 1787 2485 facto
1849 2420 2196 2486 incurrere
2258 2420 2556 2488 volumus
2617 2425 2686 2483 et
2746 2418 2901 2500 ipsa

508 2523 707 2608 ligari
776 2524 1129 2607 sententia,
1199 2526 1257 2590 si
1333 2533 1565 2591 contra
1632 2525 1999 2607 praemissa
2066 2531 2297 2592 nostra
2363 2530 2542 2608 vota,
2595 2529 2899 2588 nostram

504 2627 697 2696 fidem
744 2637 815 2694 et
851 2631 1295 2713 juramentum
1342 2631 1738 2712 praestitum
1782 2631 1912 2696 ullo
1947 2650 2253 2711 vmquam
2285 2639 2580 2712 tempore
2619 2647 2894 2710 praesu-

506 2753 833 2801 meremus
878 2741 995 2801 aut
1038 2739 1262 2800 tacere
1312 2735 1419 2800 vel
1465 2735 1713 2802 venire.

713 2839 791 2904 In
838 2840 1023 2906 cuius
1072 2840 1171 2906 rei
1216 2838 1672 2905 testimonium
1719 2852 2111 2922 praesentes
2161 2839 2307 2905 fieri
2338 2839 2648 2904 iussimus
2683 2835 2895 2920 sigilli

509 2944 718 3010 nostri
788 2949 988 3023 atque
1048 2943 1293 3009 domini
1354 2949 1424 3008 et
1484 2944 1806 3025 genitoris
1866 2945 2079 3010 nostri
2149 2943 2482 3012 carissimi
2533 2939 2894 3007 munimine

504 3048 854 3115 roboratis,

709 3153 845 3219 Nos
893 3171 1149 3232 quoque
1196 3153 1560 3236 Johannes,
1611 3153 1922 3220 Boemiae
1970 3173 2088 3221 rex
2150 3173 2228 3220 ac
2287 3153 2896 3233 Lucemburgensis

502 3276 737 3338 comes
784 3257 1313 3340 recognoscimus
1359 3259 1712 3340 universiS‚
1747 3262 1918 3339 quod
1952 3262 2236 3325 barones
2271 3265 2340 3323 et
2369 3257 2625 3324 nobiles
2657 3262 2896 3324 terrae

502 3371 571 3426 et
614 3356 1111 3427 marchionatus
1161 3361 1501 3428 Morauiae
1548 3366 1632 3429 ad
1680 3369 2054 3428 nostrarum
2104 3367 2172 3428 et
2215 3361 2638 3444 primogeniti
2670 3361 2895 3426 nostri

502 3465 828 3548 praedicti
875 3465 1255 3548 instantias,
1322 3473 1748 3548 praesentem
1815 3471 2086 3534 bernam
2157 3469 2317 3532 dare
2366 3465 2767 3532 unanimiter
2817 3472 2895 3531 et

500 3571 787 3637 fideliter
850 3571 1315 3652 promiserunt,
1390 3573 1471 3636 ob
1540 3574 1712 3651 quod
1790 3590 1920 3637 una
1997 3591 2143 3637 cum
2214 3572 2360 3652 ipso
2437 3569 2890 3652 primogenito

500 3681 724 3740 nostro
796 3677 879 3740 ad
956 3675 1493 3740 observationem
1569 3674 1852 3741 omnium
1923 3674 2413 3756 praedictorum
2481 3692 2600 3754 per
2666 3673 2890 3754 ipsum

498 3778 968 3859 promissorum
1016 3779 1479 3858 inviolabilem
1543 3781 1995 3846 sacrosanctis
2041 3779 2245 3846 tactis
2293 3778 2676 3861 evangeliis,
2739 3797 2890 3844 cor-

498 3885 707 3966 porali
754 3884 1080 3966 praestito
1128 3893 1566 3968 sacramente,
1614 3889 1736 3952 sub
1784 3887 2080 3951 omnibus
2136 3884 2625 3950 conditionibus
2681 3877 2889 3964 prae-

494 3989 838 4056 missorum
886 4008 1005 4055 nos
1051 3990 1339 4056 fideliter
1386 3989 1816 4073 astringimus
1865 3994 1933 4054 et
1980 3993 2384 4055 constanter.

702 4149 945 4212 Actum
1007 4151 1075 4212 et
1136 4147 1361 4212 datum
1423 4147 1689 4210 Brunae
1752 4147 1856 4210 V.⁰
1921 4145 2142 4210 Nonas
2207 4145 2370 4211 Julii
2439 4163 2494 4210 a.
2560 4145 2638 4211 D.
2691 4149 2886 4210 1339.

698 4310 911 4406 (Of-iq.
958 4310 1132 4382 arole.
1178 4321 1391 4376 terrae
1435 4310 1791 4380 Moraviae.
1837 4347 1920 4360 --
1969 4307 2147 4396 Chyt.
2206 4309 2337 4381 VII.
2386 4307 2560 4398 242.)
