3288 4973
1331 371 1677 434 -29—

355 575 430 654 B.,
472 593 620 654 quas
661 577 745 640 de
793 592 963 641 novo
1011 593 1213 656 super
1255 577 1448 644 bonis
1493 579 1578 642 ad
1618 577 1867 646 dictam
1900 594 2177 658 suppam
2207 575 2701 657 pertinentibus

355 683 456 744 sub
495 677 680 745 simili
723 681 885 745 data
930 680 1161 746 harum
1210 680 1586 748 litterarum
1643 681 2016 763 recepimus
2062 684 2147 747 ab
2195 683 2443 747 eodem.

525 809 762 875 Datum
807 811 1071 894 Pragae
1117 808 1335 876 XVII.
1389 809 1534 878 Kal.
1584 811 1729 878 Oct.
1776 831 1832 877 a.
1878 811 1959 874 D.
2015 816 2196 877 1312.

521 941 727 1021 (Arch.
777 937 844 1007 S.
899 939 1103 1006 Wenc.
1148 977 1235 989 -
1293 939 1486 1010 Arch.
1534 963 1584 1010 c.
1631 961 1685 1009 r.
1732 941 1865 1006 aul.
1938 939 2280 1008 Vindobon.
2332 977 2403 988 —-
2460 939 2705 1004 Balbin

339 1041 496 1110 Misc.
549 1042 711 1111 VIII.
759 1081 842 1092 -
889 1043 1105 1110 Emler
1150 1043 1275 1112 III.
1322 1043 1498 1132 102.)

513 1173 786 1228 Friderico
823 1180 993 1242 atque
1045 1173 1318 1228 fratribus
1368 1173 1488 1242 ejus
1539 1173 1608 1227 de
1658 1171 2125 1234 Schounenburch
2180 1173 2473 1228 Heinricus
2527 1175 2687 1228 Rom.

345 1273 425 1311 rex
447 1259 656 1315 litteras
683 1261 957 1328 quondam
977 1259 1282 1327 Friderico,
1309 1275 1496 1315 eorum
1523 1260 1687 1328 patri,
1716 1274 1883 1327 super
1907 1259 2087 1314 officio
2126 1275 2335 1328 suppae
2371 1260 2430 1314 in
2460 1259 2688 1315 Kadano

343 1360 443 1398 cum
477 1346 582 1401 suis
617 1347 1052 1415 appertinentiis
1090 1363 1155 1403 ac
1192 1346 1522 1415 quibusdam
1557 1345 1689 1400 aliis
1727 1346 1905 1401 tribus
1946 1347 2095 1400 villis
2132 1347 2191 1402 in
2228 1347 2435 1402 eisdem
2475 1347 2689 1401 litteris

343 1433 586 1488 contentis
621 1451 718 1502 per
755 1435 1049 1492 Albertum
1087 1435 1240 1490 Rom.
1279 1449 1472 1504 regem
1508 1433 1767 1499 traditae,
1806 1433 2157 1488 confirmavit
2191 1434 2403 1491 litteris
2443 1437 2524 1488 31.
2564 1434 2687 1489 Jan.

344 1521 453 1574 1310
487 1519 875 1592 Norimbergae
913 1523 1078 1577 datis.
1121 1523 1280 1583 (ΕΜ.
1319 1521 1390 1572 ΙΙ.
1431 1523 1608 1585 2821.)

515 1661 630 1732 22.
664 1659 1112 1749 Explanatio
1139 1659 1420 1748 jnrium
1451 1661 1653 1729 inter
1686 1658 2141 1764 Ludovicum
2189 1659 2694 1731 Romanorum

339 1765 401 1832 et
437 1763 482 1832 J
484 1785 776 1837 oannem
825 1764 1158 1837 Boemiae
1195 1783 1474 1853 regem.

1223 1888 1448 1975 1314,
1493 1889 1563 1958 4.
1619 1889 1769 1959 neo

515 2029 906 2098 Ludewicus
953 2029 1080 2095 Dei
1127 2031 1350 2114 gratia
1395 2033 1834 2097 Romanorum
1881 2047 2000 2094 rex
2047 2045 2308 2110 semper
2339 2033 2687 2110 augustus.

339 2129 648 2200 Uniuersis
729 2129 1122 2217 praesentes
1200 2135 1433 2201 literas
1509 2132 1912 2217 inspecturis
1988 2131 2278 2216 gratiam
2355 2150 2540 2197 suam
2617 2139 2687 2196 et

345 2250 503 2302 omne
545 2241 798 2306 bonum.
2274 2319 2279 2326 .

517 2344 613 2408 Ad
681 2343 1150 2410 universitatis
1219 2350 1493 2411 vestrae
1561 2343 1869 2409 notitiam
1938 2341 2239 2407 volumus
2320 2339 2691 2422 pervenire,

339 2461 440 2523 quo
481 2446 625 2532 Nos,
667 2449 1101 2515 attendentes
1149 2453 1345 2532 grata
1393 2454 1462 2515 et
1492 2445 1835 2514 fructuosa
1881 2445 2218 2525 obsequia,
2267 2461 2439 2523 quae
2484 2443 2691 2511 Nobis

342 2554 396 2611 et
431 2550 695 2633 Imperio
730 2552 1013 2619 illustris
1044 2552 1090 2617 J
1094 2571 1361 2635 oannes,
1413 2552 1725 2618 Boemiae
1760 2556 1829 2617 et
1862 2550 2178 2617 Poloniae
2213 2566 2349 2629 reX,
2380 2547 2691 2631 princeps

341 2650 547 2721 Noster
589 2657 894 2741 dilectUS,
936 2657 1066 2723 iam
1113 2658 1351 2723 dudum
1399 2654 1699 2721 exhibuit
1740 2660 1811 2721 et
1843 2654 2164 2736 impendit
2196 2670 2277 2717 ac
2307 2653 2690 2732 impendere

343 2760 556 2835 poterit
595 2762 665 2828 in
707 2761 1021 2845 futurum,
1069 2780 1192 2828 nec
1237 2779 1366 2829 non
1413 2778 1657 2845 graves
1692 2777 2021 2841 expensas
2055 2764 2122 2823 et
2151 2759 2415 2824 labores
2447 2756 2689 2837 variOS‚

341 2878 481 2939 quos
501 2867 811 2933 sustinuit
836 2869 1014 2933 circa
1037 2868 1352 2933 Nostram
1379 2864 1855 2947 promotionem
1880 2863 1949 2928 in
1980 2880 2203 2947 regem
2230 2861 2689 2933 Romanorum,

342 2968 737 3043 promittimus
772 2971 982 3038 eidem
1013 2974 1186 3038 bona
1231 2970 1360 3037 fide
1406 2978 1639 3037 tenore
1688 2967 2164 3050 praesentium:

519 3074 693 3160 Quod
761 3076 920 3159 Nos,
987 3083 1128 3142 toto
1196 3094 1393 3158 posse
1458 3075 1723 3155 Nostro,
1791 3078 2024 3139 contra
2094 3088 2320 3137 omnes
2387 3068 2685 3135 homiues

343 3175 691 3247 assistemus
735 3182 805 3247 in
853 3181 992 3246 suis
1038 3180 1282 3264 regniS,
1330 3176 1634 3245 dominiis
1688 3176 1857 3257 aliis,
1911 3173 2267 3241 honoribus
2316 3180 2387 3240 et
2431 3173 2684 3239 iuribus

341 3278 793 3365 quibuscunque
839 3286 1087 3352 habitis
1135 3303 1214 3350 ac
1253 3283 1436 3367 Juste
1483 3301 1561 3349 ac
1595 3279 2099 3347 racionabiliter
2129 3279 2472 3360 habendiS‚
2506 3278 2685 3344 ultra

339 3378 596 3454 Rhenum
619 3398 688 3455 et.
711 3391 905 3474 citra,
933 3391 1460 3469 quandocunque
1487 3392 1557 3453 et
1586 3385 2115 3466 quotiescunque
2147 3382 2356 3450 fuerit
2386 3400 2683 3465 necesse,

341 3487 660 3559 retinendis
709 3498 778 3560 et
823 3494 1025 3559 etiam
1071 3493 1177 3559 his
1223 3490 1697 3573 recuperandis
1745 3496 1816 3556 et
1862 3486 2329 3570 adipiscendia
2376 3505 2547 3567 quae
2596 3488 2682 3551 ad

341 3585 518 3668 ipsum
547 3602 608 3661 et
641 3598 824 3663 dicta
855 3615 1064 3680 regna
1095 3601 1167 3663 et
1199 3596 1486 3662 dominia
1526 3598 1774 3661 debent
1823 3601 1893 3660 et
1940 3598 2429 3658 consueverent
2475 3590 2679 3672 perti—

342 3708 488 3779 nere,
539 3718 610 3768 ac
657 3701 1040 3781 specialiter
1087 3702 1304 3767 omnia
1337 3706 1582 3783 castra,
1613 3706 1853 3781 terrae,
1887 3695 2359 3779 possessiones,
2394 3694 2679 3761 dominia

341 3802 394 3858 et
424 3800 570 3888 jura,
614 3822 782 3887 qnae
843 3824 1148 3886 umquam
1211 3806 1508 3888 possedit
1554 3806 1612 3871 d.
1662 3824 1741 3869 m.
1790 3821 1909 3869 rex
1968 3798 2425 3881 WenceslauS,
2490 3816 2680 3865 socer

339 3916 484 3986 suus,
551 3909 916 3992 ubicunque
988 3908 1258 3993 fuerint,
1341 3912 1493 3976 dum
1561 3909 1752 3989 vixit,
1818 3909 1887 3973 in
1956 3904 2258 3989 partibus
2342 3903 2678 3985 Poloniae‚

339 4002 670 4097 cracoviae,
715 4014 1040 4081 Misnensi
1085 4020 1270 4080 terra
1303 4020 1372 4080 et
1403 4014 1602 4095 alibi3
1630 4032 1710 4077 ac
1743 4010 2183 4094 promittimus
2216 4015 2286 4073 et
2318 4006 2677 4074 efficiemus

339 4124 434 4186 Pro
453 4132 630 4194 posse
653 4119 918 4201 Nostr0,
944 4120 1119 4198 quod
1142 4119 1317 4185 idem
1342 4138 1461 4185 rex
1484 4117 1795 4184 Boemiae
1818 4116 2068 4183 eisdem
2092 4112 2366 4195 pacifice
2386 4114 2678 4194 gaudere

339 4214 544 4301 valeat,
585 4228 652 4289 et
697 4241 844 4289 eum
887 4224 956 4289 in
1001 4221 1234 4288 iisdem
1289 4223 1622 4289 tuebimur
1669 4241 1747 4287 ac
1795 4241 1875 4289 ea
1922 4219 2051 4285 sibi
2110 4217 2547 4282 concedemus
2611 4215 2677 4280 in

343 4313 583 4409 feudum,
625 4344 699 4393 ac
745 4326 1184 4393 defendemus
