3288 4973
1429 400 1817 463 -603-

420 626 574 679 1355.
631 620 797 673 Bulla
851 616 920 667 de
969 609 1419 677 incorporatione
1471 622 1562 661 ca·
1611 621 1619 637 ·

633 718 872 761 sti-orum
907 703 966 754 in
1001 698 1266 752 Bava’ria.

493 790 580 837 -—'
629 788 932 857 Privilegii
1003 783 1304 839 Wladislai
1359 782 1435 835 ΙΙ.
1493 778 1562 833 ab

631 898 683 935 a.
715 878 852 933 1158
879 871 1210 940 approbatio
1238 867 1563 935 imperialis.

490 1001 558 1010 —-
630 964 938 1022 conventio
987 976 1110 1015 cum
1157 958 1374 1011 Joanne
1427 967 1564 1022 rege

631 1056 988 1109 Francorum.

491 1174 560 1184 --
629 1137 940 1197 Revocatio
979 1134 1185 1187 codicis
1217 1129 1380 1198 „Maj.
1407 1127 1563 1182 Car.“

419 1252 574 1301 -56.
631 1246 894 1299 Litterae
934 1242 1238 1293 electorum
1277 1235 1344 1287 de
1371 1230 1569 1286 incolis

629 1334 693 1385 B.
751 1331 822 1384 ad
871 1326 1088 1397 judicia
1139 1328 1412 1377 extranea
1461 1332 1572 1370 non

632 1417 948 1481 evocandis»,
1005 1414 1072 1467 de
1118 1408 1345 1463 mineris
1395 1410 1454 1458 et
1505 1404 1571 1455 de

637 1513 880 1559 moneta.

497 1626 564 1633 —-—
638 1587 1084 1644 constitutiones
1105 1584 1306 1637 Bullae
1330 1582 1570 1645 Aureae,

635 1692 826 1747 regem
875 1676 938 1729 B.
992 1680 1056 1727 ut
1107 1668 1338 1736 Imperii
1389 1666 1572 1719 archi-

635 1766 960 1831 pincernam
1009 1776 1074 1812 ac
1114 1758 1430 1819 electorem,
1469 1768 1572 1806 nec

636 1868 744 1905 non
776 1851 908 1919 jura
947 1846 1112 1915 regni
1151 1846 1212 1897 B.
1251 1847 1574 1911 tangente&

503 1970 571 1978 —-
643 1938 908 1992 Foederis
960 1950 1083 1987 cum
1131 1930 1400 1984 Poloniae
1437 1941 1574 1995 rege

645 2021 956 2079 renovatio,

507 2144 575 2152 —-
646 2114 893 2167 Joannes
962 2108 1207 2162 marchio
1263 2104 1399 2157 Mor.
1455 2116 1578 2166 pro-

642 2200 839 2266 mittit,
857 2199 905 2251 si
921 2213 1044 2252 eum
1059 2210 1158 2261 per
1172 2189 1578 2245 successionem

647 2288 702 2339 in
751 2300 944 2353 regem
994 2284 1056 2335 B.
1109 2277 1366 2334 coronari
1403 2274 1578 2327 conti-

645 2374 814 2442 gerit,
840 2370 983 2436 quod
1009 2368 1152 2421 nihil
1174 2364 1398 2431 penitus
1421 2361 1490 2413 ab
1516 2374 1580 2411 eo

645 2476 817 2530 regno
857 2466 915 2511 et
954 2472 1158 2511 corona
1196 2448 1487 2508 alienabit.

507 2587 574 2596 --
645 2555 908 2608 Litterae
946 2552 1245 2604 civitatum
1295 2543 1581 2602 Moraviae

647 2649 704 2696 et
717 2640 980 2694 Boemiae
1002 2639 1146 2691 idem
1168 2633 1582 2690 affirmantium.

508 2761 577 2769 —
649 2728 940 2792 Principes
978 2727 1252 2778 electores
1295 2727 1584 2776 testantur

649 2815 988 2884 dignitatem
1065 2810 1584 2876 archipincernatus

651 2909 710 2956 et
728 2907 919 2953 votum
941 2898 1245 2951 elector-ale
1268 2899 1584 2958 competere

648 2988 876 3056 regibus
913 2985 976 3036 B.

511 3129 579 3136 —
651 3093 943 3157 Principes
965 3090 1239 3142 electores
1261 3086 1438 3138 denuo
1461 3097 1586 3134 con-

650 3181 902 3236 sentiunt.
917 3171 1360 3240 incorporationi
1373 3175 1588 3222 castro-

651 3285 771 3322 rum
803 3272 862 3318 et
888 3263 1214 3328 oppidorum
1237 3260 1296 3312 in
1319 3254 1588 3310 Bavaria.

514 3405 582 3414 —-·
652 3371 884 3426 Unionis
965 3383 1088 3419 cum
1161 3364 1374 3428 carole,
1438 3359 1590 3428 regis

651 3459 992 3513 Francorum
1013 3450 1404 3521 primogenito,
1433 3462 1590 3500 reno-

659 3547 832 3598 vatio.

447 3652 599 3704 —58.
655 3649 963 3714 Episcopus
1003 3653 1060 3699 et
1098 3625 1406 3710 capitulum
1451 3641 1592 3694 Vra—

655 3737 846 3789 tislav.
886 3735 1156 3788 Joannem
1200 3729 1592 3796 marchionem,

655 3823 892 3875 fratrem
913 3819 1100 3874 Caroli
1118 3819 1233 3884 IV„
1259 3819 1312 3871 in
1331 3823 1593 3870 eventum

661 3909 947 3974 accipiunt
989 3908 1046 3960 in
1072 3921 1280 3974 regem.

451 4017 603 4068 -59.
661 4011 1030 4079 Privilegium
1065 4008 1416 4061 Stadicense.

452 4120 605 4173 -1-60.
644 4115 910 4169 Definitio
984 4113 1224 4165 limitum
1285 4120 1475 4164 ‘terrae
1536 4112 1594 4164 in

661 4204 835 4270 plaga
873 4198 1265 4254 Tachoviensi.

525 4338 591 4346 —
662 4307 809 4374 Liga
905 4320 1026 4358 cum
1123 4303 1362 4356 Rudolfo
1457 4303 1596 4355 duce

665 4393 950 4446 Austriae.

1672 604 1825 657 1360.

1882 602 2113 654 Carolus
2174 610 2233 653 et
2290 601 2536 653 Joannes
2612 602 2821 655 march.

1884 686 2216 741 renuntiant
2254 688 2503 741 omnibus
2520 688 2739 755 juribus
2762 689 2821 743 in

1882 774 2051 827 terris
2078 775 2343 827 Austriae
2372 774 2478 827 sibi
2503 780 2821 841 competen-

1882 861 2051 914 tibuS.
2088 890 2155 899 -
2180 860 2454 915 Rudolfus
2482 863 2593 915 dux
2620 877 2820 915 renun-

1886 947 1999 1000 tiat
2050 948 2298 1001 omnibus
2345 948 2567 1016 juribus
2618 949 2724 1002 sibi
2764 950 2823 1003 in

1885 1033 2053 1087 terris
2074 1034 2337 1087 Boemiae
2359 1035 2823 1101 competentibuS.

1886 1120 2188 1174 Promissio
2241 1123 2426 1175 Caroli
2478 1130 2535 1175 et
2586 1123 2824 1177 ,Ioannis

1890 1208 1959 1261 ‹le
1980 1208 2343 1275 protegendis
2364 1209 2603 1262 subditis
2624 1210 2823 1263 (lucum

1892 1295 2173 1349 Aus’triae.

1890 1382 2149 1435 Litterae
2208 1382 2335 1447 imp.
2388 1382 2455 1435 de
2496 1384 2825 1449 permutati-

1892 1484 1995 1521 one
2070 1476 2379 1522 castrorum
2446 1469 2826 1524 Lutterburch

1892 1564 1952 1607 et
1989 1554 2339 1607 Hohenstein
2388 1556 2445 1607 in
2494 1556 2827 1608 Alemannia

1891 1658 1989 1708 pro
2005 1642 2209 1695 castris
2230 1642 2537 1695 Parkstein
2558 1647 2616 1695 et
2631 1641 2828 1694 Karis-

1893 1729 2037 1781 wald
2078 1737 2247 1794 atque
2288 1730 2488 1794 oppido
2520 1729 2756 1795 Weyda.

1891 1817 2198 1869 Conventio
2290 1816 2569 1881 Rudolphi
2670 1816 2827 1869 ducis

1892 1904 2159 1957 Austriae
2183 1919 2305 1956 cum
2326 1904 2523 1957 Carolo
2542 1910 2600 1956 et
2611 1904 2647 1967 J
2651 1918 2829 1956 oanne

1894 1992 2101 2043 march.
2128 2022 2194 2029 -
2222 1990 2530 2043 conventio
2558 1989 2747 2043 Caroli
2772 1996 2833 2041 et

1895 2078 2129 2131 Joannis
2174 2094 2299 2131 cum
2348 2077 2637 2141 Rudolpho
2691 2076 2832 2129 duce

1900 2164 2183 2217 Aul-striae.

1898 2252 2223 2316 Rudolphus
2246 2252 2355 2303 (lux
2383 2252 2445 2302 A.
2476 2251 2541 2302 de
2564 2265 2672 2302 non
2693 2249 2833 2301 reci-

1900 2338 2117 2403 piendis
2158 2338 2396 2391 subditis
2432 2352 2627 2405 regum
2666 2336 2728 2388 B.
2768 2366 2835 2373 —-

1900 2426 2130 2477 verolus
2184 2440 2227 2477 r.
2278 2432 2339 2475 et
2386 2425 2635 2477 Joannes
2686 2422 2833 2475 vice-

1900 2528 2063 2566 versa
2102 2513 2169 2564 ‹le
2210 2513 2405 2565 eadem
2444 2527 2519 2564 re.

1900 2599 2226 2664 Rudolphus
2265 2601 2375 2653 dux
2414 2601 2478 2652 A.
2507 2600 2573 2652 de
2602 2597 2837 2652 Judaeis

1902 2701 1931 2739 e
1992 2686 2224 2739 Boemia
2286 2693 2345 2738 et
2408 2686 2661 2739 Mor-avia
2726 2701 2837 2738 non

1901 2774 2252 2838 recipiendis.
2304 2804 2370 2810 -
2419 2774 2649 2826 Farolua·
2690 2773 2836 2824 vice-

1902 2876 2084 2913 versa.

1837 3007 1847 3018 .
1904 2965 2212 3018 Conventio
2268 2965 2417 3017 iuter
2468 2967 2725 3017 carolum
2781 2970 2841 3018 et

1902 3052 1936 3105 J
1942 3067 2175 3104 oannem
2232 3052 2439 3104 march.
2499 3067 2566 3104 ex
2622 3067 2733 3104 una
2782 3058 2842 3104 et

1906 3139 2073 3192 (luces
2090 3138 2355 3194 Austriae
2374 3143 2534 3204 parte
2554 3153 2623 3189 ex
2639 3138 2843 3190 altera.

1904 3225 2240 3293 (Conventio
2276 3225 2703 3292 Esslingensis.)

1908 3311 2049 3364 Unio
2094 3311 2299 3376 Caroli,
2350 3312 2671 3364 Wenceslai
2724 3311 2844 3378 ejus

1906 3397 2005 3450 tilii
2027 3399 2104 3464 (a.
2129 3399 2263 3451 1361
2292 3413 2477 3450 mense
2504 3398 2667 3451 Febr.
2693 3398 2844 3466 nati)

1909 3490 1968 3536 et
1984 3486 2021 3538 J
2025 3485 2221 3538 oannis
2241 3485 2447 3538 march.
2468 3501 2591 3538 cum
2613 3485 2845 3539 ducibus

1910 3573 2196 3624 Austriae.

1843 3719 1853 3729 .
1911 3675 2191 3730 Civitates
2240 3677 2501 3729 Boemiae
2552 3677 2608 3728 in
2660 3675 2849 3728 dotem

1909 3762 2143 3830 reginae
2185 3763 2549 3816 constitutae.

1845 3909 1855 3921 .
1913 3867 2079 3920 Pacis
2115 3865 2245 3918 unio
2282 3865 2433 3918 inter
2469 3866 2753 3919 Boemiam
2788 3872 2849 3920 et

1912 3953 2221 4006 Moraviam
2273 3967 2340 4005 ex
2390 3968 2501 4006 una
2549 3959 2605 4004 et
2659 3952 2849 4022 Unga-

1910 4041 2052 4093 riam
2110 4048 2281 4105 atque
2335 4039 2624 4092 Austriam
2685 4045 2851 4106 parte

1913 4143 1981 4180 ex
2023 4128 2223 4180 altera.

1772 4244 1841 4254 —
1914 4214 2223 4267 Conventio
2307 4213 2374 4265 <le
2450 4225 2643 4267 mutua
2727 4230 2849 4268 suc-

1914 4301 2163 4354 cessione
2236 4301 2387 4352 inter
2448 4301 2731 4354 Boemiam
2794 4307 2854 4354 et

1918 4387 2222 4440 Austriam.
