3288 4973
1561 313 1905 389 —‘33...

777 550 894 589 ‚nno
937 536 1070 588 1319
1106 532 1351 588 Joannes
1385 546 1482 585 rex
1523 530 1819 585 civitatem.
1871 528 2092 583 Gorlicz
2150 543 2272 582 cnm
2327 528 2591 582 districtu
2646 534 2703 582 et
2760 528 2914 582 terri-

778 622 842 690 is,
883 635 1026 678 cauae
1062 620 1192 674 olim
1229 619 1298 673 de
1337 617 1580 673 marchia
1619 616 2021 684 Budissinensi,
2072 614 2145 669 ad
2197 630 2359 683 quam
2396 614 2709 682 antiquitus
2747 617 2912 683 perti·

782 708 1026 777 egitime,
1089 708 1338 761 alienata
1382 705 1586 774 fuerat,
1641 704 1712 759 ab
1772 702 2013 757 Hem-ico
2070 703 2209 756 duce
2272 701 2500 770 Slesiae‚
2564 702 2781 756 domino
2843 704 2909 757 de

777 796 942 865 lberg,
1000 794 1072 849 ad
1124 808 1357 863 regnum
1406 790 1667 847 Boemiae
1716 792 1889 846 libere
1946 789 2186 852 reduxit,
2236 803 2335 857 per
2387 804 2551 858 reges
2589 795 2647 844 et
2688 805 2913 860 regnum

777 882 976 937 ditarie
1013 885 1284 949 perpetuo
1310 878 1713 946 possidendam.
1750 878 1943 948 (Pulk.)
2167 874 2172 883 “

777 1004 916 1058 lota:
948 1003 1084 1057 Otto
1111 1002 1356 1056 marchio
1382 1000 1943 1068 Brandenburgensis
1970 1006 2177 1054 terram
2203 999 2681 1055 Budessenensem
2708 1000 2922 1069 divisit,

803 1092 886 1145 ad
943 1096 1258 1144 castrum
1313 1094 1384 1142 et
1437 1089 1819 1143 civitatem
1874 1087 2251 1142 Budessen
2306 1086 2549 1142 Lubawe
2606 1088 2919 1157 civitatem,

781 1176 1227 1247 ‚Konigsbruke
1283 1190 1403 1229 cum
1455 1189 1638 1229 eorum
1698 1174 2019 1229 attinentiis
2075 1179 2135 1227 et
2163 1173 2568 1241 Hoyerswerde
2616 1174 2920 1231 dimidium.

777 1264 874 1319 ztio
891 1263 1094 1334 judieii
1119 1262 1393 1317 Budessin
1419 1261 1778 1315 inchoabitur
1804 1261 1862 1315 in
1887 1261 1983 1314 illo
2011 1262 2145 1329 loco,
2173 1260 2266 1314 ubi
2296 1261 2474 1316 oritur
2500 1262 2712 1317 flumen
2738 1261 2919 1318 Lube-

811 1349 1182 1419 protendetur
1218 1348 1431 1403 directe
1472 1362 1647 1416 usque
1686 1347 1756 1402 ad
1795 1346 2062 1401 terminos
2101 1348 2380 1416 Boeotiae,
2409 1355 2466 1401 et
2492 1348 2795 1404 descendet
2820 1366 2921 1418 per

777 1452 858 1491 um
913 1434 1194 1505 praedicti
1248 1434 1490 1489 fluminis
1545 1449 1722 1502 usque
1772 1433 1841 1488 ad
1880 1434 2060 1487 locum
2097 1435 2186 1488 ubi
2225 1434 2380 1489 dicta
2418 1435 2639 1489 Lubata
2676 1436 2826 1492 cadit
2862 1438 2921 1492 in

777 1540 795 1577 ι
831 1523 1136 1591 Zpre'wam,
1175 1529 1236 1575 et
1272 1521 1541 1589 procedet
1577 1520 1644 1574 de
1683 1521 1807 1588 ipsa
1843 1520 2079 1587 Zprewa
2114 1536 2214 1588 per
2252 1522 2510 1576 semitam
2537 1538 2679 1589 quae
2708 1522 2919 1579 dicitur

777 1610 939 1678 1-stic,
980 1626 1045 1664 ac
1083 1608 1284 1664 deinde
1320 1623 1421 1676 per
1458 1608 1689 1662 eandem
1727 1607 1982 1662 semitam
2020 1622 2194 1675 usque
2232 1609 2289 1661 in
2345 1608 2538 1663 villam
2594 1609 2910 1667 Gabelenze

785 1711 962 1765 usque
1001 1697 1058 1750 in
1094 1697 1302 1781 flumen¹
1334 1697 1478 1763 quod
1517 1695 1728 1750 dicitur
1766 1693 1957 1748 Niza.“

777 1820 915 1872 Item
951 1818 1032 1872 ad
1069 1817 1131 1871 ci
1153 1818 1309 1873 vita
1326 1824 1392 1872 te
1411 1833 1460 1871 m
1499 1817 1548 1872 G
1565 1833 1595 1871 o
1613 1818 1672 1871 rl
1688 1816 1754 1871 iz
1791 1816 2044 1885 ponimus
2070 1816 2360 1871 civitatem
2386 1817 2595 1887 Luban,
2642 1818 2917 1875 Schonen-

777 1905 1057 1974 otenber-g,
1086 1911 1331 1959 castrum
1355 1904 1733 1959 Laudiscrone
1759 1910 1819 1959 et
1844 1904 2129 1959 dimidium
2156 1905 2573 1972 Hoyerswerde.
2611 1905 2917 1963 Distinctio

777 1991 1105 2061 pertinentis
1143 1993 1213 2046 ad
1264 1993 1451 2047 Gorliz
1489 1991 1847 2047 inchoabitur
1900 1992 1959 2046 in
2008 1993 2105 2048 illo
2160 1995 2295 2060 loco,
2352 1992 2447 2046 ubi
2500 1993 2680 2048 oritur
2716 1993 2917 2049 flumen

779 2087 838 2135 et
863 2079 1179 2135 servabitur
1211 2080 1269 2134 in
1295 2094 1531 2134 ascensu
1555 2086 1615 2135 et
1640 2079 1926 2147 descensu,
1952 2084 2118 2148 prout
2143 2082 2397 2149 superius
2426 2089 2514 2136 est
2540 2085 2912 2150 expressum“.

777 2186 982 2254 Kb'hler,
1023 2185 1353 2239 obet-lausus
1390 2187 1450 2253 1.,
1487 2186 1597 2253 42.)

777 2300 1077 2367 'ohannes
1154 2301 1234 2365 D.
1291 2320 1388 2385 gr.
1450 2301 1524 2367 B.
1586 2309 1657 2365 et
1717 2301 1788 2366 P.
1851 2319 1988 2383 rex,
2049 2301 2123 2366 L.
2186 2320 2402 2368 comes
2457 2321 2536 2367 ac
2581 2303 2915 2369 marchiae

777 2404 1025 2470 inensis
1073 2404 1388 2488 dominuS,
1437 2405 1739 2470 omnibus
1771 2405 1841 2471 in
1872 2414 2285 2488 perpetuum.
2318 2407 2707 2474 Sollicitudo
2733 2408 2928 2494 jugis,

777 2509 1278 2594 gubernationis
1326 2517 1396 2576 et
1437 2510 2053 2577 amministrationis
2087 2511 2513 2596 reipublicae,
2546 2533 2674 2594 qua
2706 2514 2915 2580 inces-

803 2614 1174 2697 poemimur,
1234 2634 1355 2681 nos
1417 2615 1675 2681 excitat
1734 2618 1918 2698 ade0‚
1980 2618 2152 2697 quod
2214 2617 2396 2683 circa
2449 2619 2913 2684 celsitudinem

777 2752 778 2773 ι
825 2718 1219 2802 maJestatiS‚
1267 2737 1638 2803 regnorum,
1699 2721 2011 2787 heredum
2070 2728 2140 2787 et
2185 2722 2594 2788 subditorum
2657 2728 2913 2789 nostro-

777 2822 1004 2889 1ietem
1051 2830 1270 2889 mente
1317 2831 1689 2908 versanteS,
1734 2830 1968 2890 noctes
2023 2825 2399 2906 insompnes
2463 2827 2779 2909 ducimus,
2839 2834 2915 2893 ut

777 2945 880 2992 um
926 2931 1304 2993 nostrorum
1358 2930 1839 3012 integritatem,
1902 2930 2172 2995 honoris
2219 2931 2532 2996 heredum
2579 2936 2649 2997 et
2696 2934 2913 2999 subdi-

785 3035 1163 3097 nostrorum
1210 3032 1743 3115 prosperitatem,
1783 3050 1902 3114 pro
1934 3033 2177 3100 futuris
2210 3039 2281 3100 et
2312 3033 2695 3103 efficacibus
2724 3036 2913 3103 fulci-

813 3153 1171 3216 procurare
1220 3137 1578 3203 valeamus,

777 3267 901 3315 ane
962 3250 1258 3316 marchia
1304 3255 1375 3317 et
1419 3251 1765 3331 provincia
1825 3257 2051 3319 terrae
2097 3252 2592 3319 Budissinensis
2637 3259 2779 3318 tota
2827 3258 2907 3320 ad

777 3353 979 3436 gitime
1027 3355 1358 3437 deuoluta‚
1407 3356 1694 3436 quiaque
1742 3356 1952 3437 ipsius
2009 3358 2346 3424 marchiae
2408 3357 2907 3426 Budissinensis

800 3462 1068 3524 nostrae
1117 3459 1470 3525 serenitati
1515 3460 1702 3526 iuxta
1748 3460 2061 3543 puritatis
2111 3480 2271 3527 suae
2321 3462 2475 3527 fidei
2507 3463 2803 3528 debitum
2835 3482 2908 3528 se

777 3561 829 3627 le
872 3565 1562 3631 recommendantibus
1597 3571 1667 3631 et
1699 3567 2308 3632 recommitentibus
2341 3566 2531 3631 nobis
2563 3567 2912 3633 fidelitatis

777 3717 781 3728 .
827 3671 1253 3747 praestantes
1288 3676 1358 3734 et
1392 3669 1723 3751 corporali
1753 3672 1880 3736 fide
1916 3689 2139 3736 eorum
2171 3677 2675 3752 procuratorum
2708 3673 2911 3738 inter-

785 3770 1134 3855 iacientes„
1178 3791 1254 3839 se
1301 3778 1370 3838 et
1416 3792 1540 3838 sua
1586 3793 1717 3839 vna
1764 3792 1909 3839 cum
1955 3779 2100 3839 tota
2139 3777 2433 3842 marchia
2466 3784 2536 3843 et
2569 3776 2911 3859 provincia

777 3873 980 3940 inensi
1027 3882 1298 3942 nostrae
1346 3877 1590 3943 dicioni
1638 3883 2005 3958 spontanee
2051 3881 2514 3965 submiserunt,
2563 3883 2717 3967 jure
2777 3882 2914 3964 poli

777 3998 794 4043 ι
839 3983 909 4043 et
945 3979 1142 4063 Juxta
1189 3980 1605 4048 celsitudinis
1637 3988 1911 4048 nostrae
1944 3984 2171 4067 regiae
2205 3985 2580 4051 maiestatis
2614 3985 2912 4070 benigni·

777 4082 1037 4165 dignum
1084 4102 1162 4149 ac
1210 4085 1457 4151 rationi
1503 4092 2021 4152 consentaneum
2070 4088 2213 4154 fore
2261 4107 2623 4172 censemus,
2684 4092 2910 4157 dictae

777 4205 853 4253 ae
899 4190 968 4251 et
1003 4189 1387 4268 provinciae
1421 4189 1915 4257 Budissinensis
1949 4192 2201 4258 incolas
2236 4194 2467 4259 talium
2499 4196 2909 4280 praerogati-

792 4291 1162 4376 privilegiis
1207 4292 1534 4378 insigniri,
1581 4301 1652 4361 et
1698 4296 2152 4362 sinceritatem
2204 4299 2358 4364 fidei
2402 4298 2696 4381 ipsorum
2754 4317 2904 4365 con-
