3288 4973
1474 418 1557 427 —-
1603 386 1732 447 426
1781 417 1862 425 -

672 592 822 659 396.
876 586 1128 657 Castri
1176 584 1688 656 Wildenstein
1733 583 2178 655 infeudatio.

968 723 973 729 ·
1169 708 1364 791 1356,
1410 709 1474 775 3.
1526 704 1727 775 Maii.
1778 705 2162 792 (Pragae.)

673 830 798 883 List
843 829 1129 898 Rydigara
1166 846 1196 881 z
1236 829 1539 897 Sporneku,
1594 830 1848 893 kterymzz
1896 840 1955 880 se
2008 825 2277 893 zavazuje
2327 784 2664 879 s⁸zamkem
2717 828 2877 889 svym

466 918 933 973 Wildensteinem
972 914 1079 983 pod
1116 917 1391 970 manstvie
1432 914 1631 968 ciesaii
1677 914 1740 967 K.
1770 914 1787 967 i
1816 914 2074 968 buducim
2103 912 2314 966 kralom
2343 912 2584 978 ceskym.
2625 912 2722 980 (A.
2761 910 2866 977 K.)

673 1076 825 1143 397.
902 1071 1239 1142 Joannes
1314 1072 1783 1140 Francorum.
1857 1088 1995 1137 rex
2065 1068 2366 1155 obligat
2433 1089 2517 1140 se
2587 1067 2866 1140 carolo

444 1177 653 1263 ·Imp.
703 1180 780 1247 et
824 1176 1023 1263 regi.

1142 1264 1337 1346 1356,
1386 1280 1475 1328 ιιι.
1527 1259 1732 1329 Maii.
1782 1258 2195 1346 (Parisiis.)

676 1385 945 1453 Odpoved
975 1400 1047 1439 na
1088 1383 1249 1450 prvni
1287 1384 1534 1437 zevazek
1573 1382 1643 1435 od
1679 1382 1812 1436 toho
1847 1381 1995 1436 Jana
2031 1382 2188 1435 krele
2225 1382 2602 1451 Francskem,
2631 1381 2775 1436 kdei
2801 1397 2866 1437 se

465 1472 747 1541 zavazuje‚
787 1471 981 1526 dedice
1017 1471 1036 1524 i
1076 1471 1279 1525 buduci
1316 1470 1473 1523 krale
1520 1467 1785 1523 francske
1841 1468 2042 1522 ciesaii
2091 1466 2340 1535 Karlovi,
2391 1466 2536 1523 kreli
2583 1468 2870 1536 ceskemu,

466 1559 711 1614 dedicom
748 1559 767 1612 i
806 1558 1064 1612 buducim
1096 1557 1398 1625 pomehati.
1437 1557 1535 1625 (A.
1572 1556 1677 1625 K.)

673 1663 795 1747 (A.
844 1662 938 1731 Κ.
993 1700 1072 1710 -
1119 1659 1220 1747 CJ'
1268 1660 1477 1725 Pelzel
1522 1660 1595 1727 K.
1647 1660 1810 1723 Karl
1855 1660 1966 1727 IV.
2013 1683 2071 1727 n.
2121 1656 2480 1747 CCLXXI.)

672 1838 823 1905 398.
873 1834 1174 1904 Domini
1220 1854 1265 1903 a
1310 1834 1782 1920 Rosenberg‚
1820 1833 2117 1918 Petrae,
2150 1833 2512 1919 JodocuS‚
2546 1832 2863 1904 Uiricus

467 1946 545 2011 et
574 1940 625 2011 J
628 1960 910 2010 oannes
940 1940 1249 2023 fratreS‚
1284 1936 1707 2025 subjiciunt
1733 1957 1816 2006 se
1839 1936 2332 2025 integraliter
2358 1936 2631 2007 carolo
2659 1936 2862 2024 regi.

1345 2062 1537 2145 1356,
1584 2062 1692 2128 21.
1742 2058 1982 2128 Junii.

677 2180 952 2267 (Balbin
1010 2178 1184 2247 Vm,
1233 2183 1331 2247 66.
1379 2217 1465 2228 -
1514 2178 1776 2244 Bra-naz
1821 2179 1934 2249 IX.
1981 2181 2110 2263 20.)
2229 2187 2248 2199 ’

670 2356 822 2424 399.
890 2352 1529 2439 Comp1·0missum
1585 2353 2017 2424 Wenceslai
2078 2352 2296 2423 ducis
2361 2351 2871 2441 Legnicensis

468 2476 634 2531 cum
681 2457 1097 2532 Catharina
1142 2463 1383 2528 matre
1430 2476 1594 2532 sua.

1141 2583 1333 2664 1356,
1380 2583 1487 2650 26.
1536 2579 1757 2649 Julii.
1806 2577 2190 2668 (Pl-agae.)

674 2701 801 2756 List
834 2703 1069 2756 smluvci
1096 2702 1236 2756 mezi
1264 2702 1582 2756 kniezetem
1610 2701 1940 2756 Vecslavem
1966 2720 1996 2754 z
2024 2701 2234 2757 Lehnic
2260 2719 2294 2754 a
2318 2704 2540 2756 knezmi
2565 2700 2875 2770 Remi-imi,

470 2791 659 2844 matku
692 2789 841 2858 jeho,
879 2788 1020 2844 mezi
1057 2789 1223 2842 nimii
1253 2790 1373 2857 jest
1410 2789 1591 2844 ciesai·
1630 2789 1800 2844 Karel
1839 2791 2094 2857 vypoved?
2125 2788 2298 2844 ucinil
2353 2790 2450 2858 (A.
2497 2789 2592 2856 K.)

675 2953 838 3023 400.
903 2953 954 3022 J
959 2972 1240 3022 oannes
1302 2953 1637 3022 marchio
1686 2952 2072 3024 Mol-aviae
2121 2952 2522 3040 promittit,
2569 2951 2640 3022 si
2687 2970 2874 3022 eum

469 3076 608 3145 per
653 3057 1210 3127 successionem
1240 3057 1322 3128 in
1355 3077 1614 3146 regem
1647 3057 2002 3129 Boemiae
2033 3057 2386 3128 coronari
2419 3054 2876 3144 contigerit,

470 3161 671 3248 quod
716 3161 914 3231 nihil
961 3161 1265 3249 penitus
1313 3162 1407 3231 ab
1454 3181 1543 3232 eo
1588 3182 1830 3249 regno
1878 3165 1953 3232 et
1998 3182 2281 3232 corona
2324 3159 2716 3233 alienabit.

1308 3285 1501 3367 1356,
1550 3289 1615 3351 1.
1667 3285 1889 3370 Augu
1901 3282 2027 3354 sti.

679 3407 815 3470 Nos
862 3405 1211 3472 Johannes
1262 3407 1337 3472 D.
1383 3427 1475 3488 gr.
1524 3408 1817 3473 marchio
1865 3408 2226 3476 Moraviae.
2275 3407 2520 3474 Notum
2579 3407 2878 3476 facimus

472 3513 705 3574 tenore
753 3510 1208 3589 praesentium
1257 3510 1607 3591 universiS,
1655 3514 1829 3590 quod
1874 3514 2309 3578 attendentes
2348 3512 2612 3578 labores
2644 3513 2882 3580 multi-

474 3613 681 3694 plices
705 3623 775 3678 et
799 3614 1046 3678 multae
1081 3613 1696 3694 circumspectionis
1730 3615 2088 3697 solertiam,
2123 3618 2361 3694 quibus
2395 3615 2879 3686 serenissimus

472 3723 542 3781 et
586 3717 1065 3783 invictissimus
1116 3721 1421 3799 princeps
1470 3727 1540 3782 et
1585 3720 1904 3800 dominus,
1967 3721 2026 3784 d.
2075 3719 2363 3784 Karolus
2423 3719 2535 3785 IV.
2585 3719 2660 3786 R.
2705 3719 2759 3786 I.
2811 3741 2878 3788 s.

472 3839 529 3887 a.
577 3829 646 3886 et
698 3821 767 3885 B.
818 3841 956 3904 rex,
1024 3821 1326 3887 dominus
1390 3826 1617 3888 noster
1680 3824 2034 3905 gratiosuS‚
2093 3840 2370 3906 regnum
2433 3824 2743 3890 Boemiae
2794 3835 2879 3892 et.

470 3922 728 3990 felicem
776 3926 985 4006 ipsius
1034 3939 1340 3991 coronam
1378 3926 1670 3993 feliciter
1701 3928 2048 4009 exaltavit,
2088 3935 2163 3991 ut
2195 3928 2566 3994 huiusmodi
2597 3929 2878 4009 providi

469 4027 715 4094 laboris
763 4038 1025 4113 gratum
1070 4030 1458 4095 exercitium
1521 4031 1762 4097 effectu
1822 4050 1953 4096 non
2015 4041 2266 4114 careat,
2325 4034 2444 4099 sed
2501 4034 2676 4112 quod
2745 4053 2886 4115 per

468 4149 616 4197 eum
661 4131 841 4199 felici
894 4134 1217 4214 principio
1264 4143 1477 4199 ortum
1528 4136 1908 4216 suscepisse
1956 4136 2344 4216 dinoscitur,
2409 4135 2884 4206 sollicitudine

466 4237 965 4302 succedentium
1035 4238 1161 4302 sibi
1231 4256 1505 4320 regnum
1576 4241 1887 4305 Boemiae
1951 4259 2067 4321 pro
2138 4239 2325 4321 regni
2396 4239 2610 4322 gloria
2681 4239 2889 4310 felici

472 4355 733 4421 semper
779 4341 1187 4408 incremento
1239 4343 1545 4424 proficiat
1592 4351 1662 4409 et
1709 4347 1947 4410 beatae
1995 4344 2198 4409 sortis
2245 4343 2476 4410 favore
2523 4343 2890 4432 dilatetur,
