<?xml version="1.0" encoding="UTF-8"?>
<!DOCTYPE html PUBLIC "-//W3C//DTD XHTML 1.0 Transitional//EN"
    "http://www.w3.org/TR/xhtml1/DTD/xhtml1-transitional.dtd">
<html xmlns="http://www.w3.org/1999/xhtml" xml:lang="en" lang="en">
 <head>
  <title>
</title>
<meta http-equiv="Content-Type" content="text/html;charset=utf-8" />
  <meta name='ocr-system' content='tesseract 3.04.00' />
  <meta name='ocr-capabilities' content='ocr_page ocr_carea ocr_par ocr_line ocrx_word'/>
</head>
<body>
  <div class='ocr_page' id='page_1' title='image "./codexjurisbohem00bohegoog_0469.png"; bbox 0 0 3288 4973; ppageno 0'>
   <div class='ocr_carea' id='block_1_1' title="bbox 1376 320 1761 379">
    <p class='ocr_par' dir='ltr' id='par_1_1' title="bbox 1376 320 1761 379">
     <span class='ocr_line' id='line_1_1' title="bbox 1376 320 1761 379; baseline 0 -1"><span class='ocrx_word' id='word_1_1' title='bbox 1376 320 1761 379; x_wconf 82' lang='lat'>-455—</span> 
     </span>
    </p>
   </div>
   <div class='ocr_carea' id='block_1_2' title="bbox 323 521 2761 4363">
    <p class='ocr_par' dir='ltr' id='par_1_2' title="bbox 353 521 2761 1115">
     <span class='ocr_line' id='line_1_2' title="bbox 353 521 2761 609; baseline -0 -17"><span class='ocrx_word' id='word_1_2' title='bbox 353 527 629 609; x_wconf 79' lang='lat' dir='ltr'>jnribus</span> <span class='ocrx_word' id='word_1_3' title='bbox 700 531 770 592; x_wconf 90' lang='lat' dir='ltr'>et</span> <span class='ocrx_word' id='word_1_4' title='bbox 833 522 1262 606; x_wconf 82' lang='lat' dir='ltr'>pertinentiis</span> <span class='ocrx_word' id='word_1_5' title='bbox 1330 522 1590 589; x_wconf 89' lang='lat' dir='ltr'>nomine</span> <span class='ocrx_word' id='word_1_6' title='bbox 1660 521 2241 589; x_wconf 85' lang='lat' dir='ltr'>Wratislaviensis</span> <span class='ocrx_word' id='word_1_7' title='bbox 2304 524 2631 591; x_wconf 88' lang='lat' dir='ltr'>ecclesiae</span> <span class='ocrx_word' id='word_1_8' title='bbox 2691 526 2761 591; x_wconf 90' lang='lat' dir='ltr'>in</span> 
     </span>
     <span class='ocr_line' id='line_1_3' title="bbox 354 626 2759 714; baseline 0 -19"><span class='ocrx_word' id='word_1_9' title='bbox 354 630 628 699; x_wconf 86' lang='lat' dir='ltr'>feodum</span> <span class='ocrx_word' id='word_1_10' title='bbox 703 630 1045 711; x_wconf 79' lang='lat' dir='ltr'><strong>suscipere</strong></span> <span class='ocrx_word' id='word_1_11' title='bbox 1116 632 1186 694; x_wconf 86' lang='lat' dir='ltr'>et</span> <span class='ocrx_word' id='word_1_12' title='bbox 1253 632 1553 708; x_wconf 86' lang='lat' dir='ltr'>tempore</span> <span class='ocrx_word' id='word_1_13' title='bbox 1628 626 2073 707; x_wconf 88' lang='lat' dir='ltr'>susceptionis</span> <span class='ocrx_word' id='word_1_14' title='bbox 2148 626 2520 695; x_wconf 90' lang='lat' dir='ltr'>huiusmodi</span> <span class='ocrx_word' id='word_1_15' title='bbox 2578 631 2759 714; x_wconf 86' lang='lat' dir='ltr'>jura·</span> 
     </span>
     <span class='ocr_line' id='line_1_4' title="bbox 353 730 2758 817; baseline -0.001 -15"><span class='ocrx_word' id='word_1_16' title='bbox 353 745 658 802; x_wconf 87' lang='lat' dir='ltr'>mentum</span> <span class='ocrx_word' id='word_1_17' title='bbox 702 732 1012 816; x_wconf 84' lang='lat' dir='ltr'><strong>homagii,</strong></span> <span class='ocrx_word' id='word_1_18' title='bbox 1056 730 1426 813; x_wconf 87' lang='lat' dir='ltr'>fidelitatis,</span> <span class='ocrx_word' id='word_1_19' title='bbox 1473 730 1901 797; x_wconf 78' lang='lat' dir='ltr'>obedientiae</span> <span class='ocrx_word' id='word_1_20' title='bbox 1957 748 2037 795; x_wconf 87' lang='lat' dir='ltr'>ac</span> <span class='ocrx_word' id='word_1_21' title='bbox 2082 732 2539 817; x_wconf 78' lang='lat' dir='ltr'>subjectioniS,</span> <span class='ocrx_word' id='word_1_22' title='bbox 2587 736 2758 814; x_wconf 87' lang='lat' dir='ltr'>quod</span> 
     </span>
     <span class='ocr_line' id='line_1_5' title="bbox 354 834 2755 922; baseline 0 -17"><span class='ocrx_word' id='word_1_23' title='bbox 354 840 534 905; x_wconf 87' lang='lat' dir='ltr'>alias</span> <span class='ocrx_word' id='word_1_24' title='bbox 603 837 911 922; x_wconf 85' lang='lat' dir='ltr'>praefato</span> <span class='ocrx_word' id='word_1_25' title='bbox 981 836 1242 903; x_wconf 89' lang='lat' dir='ltr'>domino</span> <span class='ocrx_word' id='word_1_26' title='bbox 1304 840 1534 901; x_wconf 89' lang='lat' dir='ltr'>nostro</span> <span class='ocrx_word' id='word_1_27' title='bbox 1603 834 2007 916; x_wconf 79' lang='lat' dir='ltr'>Imperatori</span> <span class='ocrx_word' id='word_1_28' title='bbox 2072 842 2389 917; x_wconf 87' lang='lat' dir='ltr'>tanquam</span> <span class='ocrx_word' id='word_1_29' title='bbox 2462 836 2535 904; x_wconf 92' lang='lat' dir='ltr'>B.</span> <span class='ocrx_word' id='word_1_30' title='bbox 2607 839 2755 921; x_wconf 88' lang='lat' dir='ltr'>regi</span> 
     </span>
     <span class='ocr_line' id='line_1_6' title="bbox 353 939 2754 1024; baseline -0.001 -15"><span class='ocrx_word' id='word_1_31' title='bbox 353 944 628 1010; x_wconf 86' lang='lat' dir='ltr'>ratione</span> <span class='ocrx_word' id='word_1_32' title='bbox 669 941 893 1024; x_wconf 87' lang='lat' dir='ltr'>oppidi</span> <span class='ocrx_word' id='word_1_33' title='bbox 943 946 1013 1008; x_wconf 91' lang='lat' dir='ltr'>et</span> <span class='ocrx_word' id='word_1_34' title='bbox 1059 946 1287 1006; x_wconf 87' lang='lat' dir='ltr'>terrae</span> <span class='ocrx_word' id='word_1_35' title='bbox 1326 942 1466 1024; x_wconf 88' lang='lat' dir='ltr'>jam</span> <span class='ocrx_word' id='word_1_36' title='bbox 1512 939 1839 1005; x_wconf 87' lang='lat' dir='ltr'>dictorum</span> <span class='ocrx_word' id='word_1_37' title='bbox 1879 939 2357 1021; x_wconf 82' lang='lat' dir='ltr'>praestitimuS,</span> <span class='ocrx_word' id='word_1_38' title='bbox 2389 941 2754 1008; x_wconf 80' lang='lat' dir='ltr'>solenniter</span> 
     </span>
     <span class='ocr_line' id='line_1_7' title="bbox 353 1049 704 1115; baseline -0.006 0"><span class='ocrx_word' id='word_1_39' title='bbox 353 1049 704 1115; x_wconf 82' lang='lat' dir='ltr'>innovare.</span> 
     </span>
    </p>

    <p class='ocr_par' dir='ltr' id='par_1_3' title="bbox 343 1148 2754 1965">
     <span class='ocr_line' id='line_1_8' title="bbox 572 1148 2754 1233; baseline -0.001 -16"><span class='ocrx_word' id='word_1_40' title='bbox 572 1154 673 1217; x_wconf 89' lang='lat' dir='ltr'>Ac</span> <span class='ocrx_word' id='word_1_41' title='bbox 707 1150 852 1232; x_wconf 92' lang='lat' dir='ltr'>ipse</span> <span class='ocrx_word' id='word_1_42' title='bbox 881 1148 1462 1214; x_wconf 76' lang='lat' dir='ltr'>Wratislaviensis</span> <span class='ocrx_word' id='word_1_43' title='bbox 1496 1148 1867 1231; x_wconf 80' lang='lat' dir='ltr'>episcopuS,</span> <span class='ocrx_word' id='word_1_44' title='bbox 1900 1149 2009 1229; x_wconf 90' lang='lat' dir='ltr'>qui</span> <span class='ocrx_word' id='word_1_45' title='bbox 2042 1167 2162 1230; x_wconf 88' lang='lat' dir='ltr'>pro</span> <span class='ocrx_word' id='word_1_46' title='bbox 2204 1154 2499 1232; x_wconf 82' lang='lat' dir='ltr'>tempore</span> <span class='ocrx_word' id='word_1_47' title='bbox 2530 1149 2754 1233; x_wconf 88' lang='lat' dir='ltr'>fuerit,</span> 
     </span>
     <span class='ocr_line' id='line_1_9' title="bbox 353 1252 2749 1337; baseline -0.001 -16"><span class='ocrx_word' id='word_1_48' title='bbox 353 1256 544 1323; x_wconf 84' lang='lat' dir='ltr'>velut</span> <span class='ocrx_word' id='word_1_49' title='bbox 591 1255 710 1321; x_wconf 87' lang='lat' dir='ltr'>alii</span> <span class='ocrx_word' id='word_1_50' title='bbox 754 1254 1094 1337; x_wconf 86' lang='lat' dir='ltr'>principes</span> <span class='ocrx_word' id='word_1_51' title='bbox 1125 1252 1288 1336; x_wconf 86' lang='lat' dir='ltr'>ligii,</span> <span class='ocrx_word' id='word_1_52' title='bbox 1324 1253 1687 1333; x_wconf 87' lang='lat' dir='ltr'>capitulum</span> <span class='ocrx_word' id='word_1_53' title='bbox 1727 1270 1887 1318; x_wconf 89' lang='lat' dir='ltr'>vero</span> <span class='ocrx_word' id='word_1_54' title='bbox 1918 1252 2214 1319; x_wconf 87' lang='lat' dir='ltr'>eiusdem</span> <span class='ocrx_word' id='word_1_55' title='bbox 2246 1252 2572 1320; x_wconf 88' lang='lat' dir='ltr'>ecclesiae</span> <span class='ocrx_word' id='word_1_56' title='bbox 2605 1262 2749 1319; x_wconf 90' lang='lat' dir='ltr'>tan-</span> 
     </span>
     <span class='ocr_line' id='line_1_10' title="bbox 353 1356 2747 1443; baseline 0 -18"><span class='ocrx_word' id='word_1_57' title='bbox 353 1379 556 1443; x_wconf 85' lang='lat' dir='ltr'>quam</span> <span class='ocrx_word' id='word_1_58' title='bbox 605 1359 847 1427; x_wconf 81' lang='lat' dir='ltr'>vasalli</span> <span class='ocrx_word' id='word_1_59' title='bbox 876 1359 1068 1441; x_wconf 86' lang='lat' dir='ltr'>regni</span> <span class='ocrx_word' id='word_1_60' title='bbox 1101 1364 1170 1423; x_wconf 93' lang='lat' dir='ltr'>et</span> <span class='ocrx_word' id='word_1_61' title='bbox 1202 1376 1489 1424; x_wconf 86' lang='lat' dir='ltr'>coronae</span> <span class='ocrx_word' id='word_1_62' title='bbox 1520 1358 1594 1424; x_wconf 89' lang='lat' dir='ltr'>B.</span> <span class='ocrx_word' id='word_1_63' title='bbox 1629 1356 1850 1423; x_wconf 91' lang='lat' dir='ltr'>omnia</span> <span class='ocrx_word' id='word_1_64' title='bbox 1883 1366 1953 1422; x_wconf 89' lang='lat' dir='ltr'>et</span> <span class='ocrx_word' id='word_1_65' title='bbox 1984 1357 2245 1439; x_wconf 85' lang='lat' dir='ltr'>singula</span> <span class='ocrx_word' id='word_1_66' title='bbox 2274 1357 2543 1440; x_wconf 86' lang='lat' dir='ltr'>facient,</span> <span class='ocrx_word' id='word_1_67' title='bbox 2576 1377 2747 1439; x_wconf 87' lang='lat' dir='ltr'>quae</span> 
     </span>
     <span class='ocr_line' id='line_1_11' title="bbox 343 1462 2747 1548; baseline -0.001 -17"><span class='ocrx_word' id='word_1_68' title='bbox 343 1466 550 1548; x_wconf 83' lang='lat' dir='ltr'>juxt-a</span> <span class='ocrx_word' id='word_1_69' title='bbox 609 1462 962 1547; x_wconf 85' lang='lat' dir='ltr'>privilegia</span> <span class='ocrx_word' id='word_1_70' title='bbox 1023 1466 1094 1529; x_wconf 91' lang='lat' dir='ltr'>et</span> <span class='ocrx_word' id='word_1_71' title='bbox 1154 1462 1669 1528; x_wconf 88' lang='lat' dir='ltr'>consuetudines</span> <span class='ocrx_word' id='word_1_72' title='bbox 1719 1462 1909 1546; x_wconf 84' lang='lat' dir='ltr'>regni</span> <span class='ocrx_word' id='word_1_73' title='bbox 1955 1466 2025 1527; x_wconf 89' lang='lat' dir='ltr'>et</span> <span class='ocrx_word' id='word_1_74' title='bbox 2071 1480 2356 1527; x_wconf 86' lang='lat' dir='ltr'>coronae</span> <span class='ocrx_word' id='word_1_75' title='bbox 2400 1463 2476 1527; x_wconf 94' lang='lat' dir='ltr'>B.</span> <span class='ocrx_word' id='word_1_76' title='bbox 2522 1462 2747 1529; x_wconf 87' lang='lat' dir='ltr'>facere</span> 
     </span>
     <span class='ocr_line' id='line_1_12' title="bbox 347 1566 2745 1647; baseline 0.001 -16"><span class='ocrx_word' id='word_1_77' title='bbox 347 1572 784 1647; x_wconf 84' lang='lat' dir='ltr'>tenebuntur,</span> <span class='ocrx_word' id='word_1_78' title='bbox 851 1566 1056 1633; x_wconf 88' lang='lat' dir='ltr'>toties</span> <span class='ocrx_word' id='word_1_79' title='bbox 1128 1568 1388 1647; x_wconf 88' lang='lat' dir='ltr'>quoties</span> <span class='ocrx_word' id='word_1_80' title='bbox 1451 1585 1719 1633; x_wconf 90' lang='lat' dir='ltr'>casuum</span> <span class='ocrx_word' id='word_1_81' title='bbox 1781 1566 2234 1632; x_wconf 77' lang='lat' dir='ltr'>mutabilitate</span> <span class='ocrx_word' id='word_1_82' title='bbox 2298 1573 2617 1647; x_wconf 88' lang='lat' dir='ltr'>poscente</span> <span class='ocrx_word' id='word_1_83' title='bbox 2676 1568 2745 1634; x_wconf 92' lang='lat' dir='ltr'>in</span> 
     </span>
     <span class='ocr_line' id='line_1_13' title="bbox 348 1670 2744 1757; baseline 0 -20"><span class='ocrx_word' id='word_1_84' title='bbox 348 1678 567 1739; x_wconf 88' lang='lat' dir='ltr'>morte</span> <span class='ocrx_word' id='word_1_85' title='bbox 615 1673 796 1757; x_wconf 81' lang='lat' dir='ltr'>regis</span> <span class='ocrx_word' id='word_1_86' title='bbox 841 1672 916 1737; x_wconf 91' lang='lat' dir='ltr'>B.</span> <span class='ocrx_word' id='word_1_87' title='bbox 951 1690 1070 1738; x_wconf 87' lang='lat' dir='ltr'>seu</span> <span class='ocrx_word' id='word_1_88' title='bbox 1102 1670 1687 1738; x_wconf 73' lang='lat' dir='ltr'>WratiSlaviensis</span> <span class='ocrx_word' id='word_1_89' title='bbox 1722 1673 2020 1753; x_wconf 86' lang='lat' dir='ltr'>episcopi</span> <span class='ocrx_word' id='word_1_90' title='bbox 2050 1670 2257 1737; x_wconf 81' lang='lat' dir='ltr'>fuerit</span> <span class='ocrx_word' id='word_1_91' title='bbox 2289 1678 2744 1755; x_wconf 87' lang='lat' dir='ltr'>opportunum,</span> 
     </span>
     <span class='ocr_line' id='line_1_14' title="bbox 347 1774 2737 1861; baseline -0 -19"><span class='ocrx_word' id='word_1_92' title='bbox 347 1779 582 1860; x_wconf 89' lang='lat' dir='ltr'>berna,</span> <span class='ocrx_word' id='word_1_93' title='bbox 641 1774 850 1843; x_wconf 85' lang='lat' dir='ltr'>talliis</span> <span class='ocrx_word' id='word_1_94' title='bbox 913 1794 1032 1841; x_wconf 91' lang='lat' dir='ltr'>seu</span> <span class='ocrx_word' id='word_1_95' title='bbox 1079 1775 1541 1843; x_wconf 84' lang='lat' dir='ltr'>exactionibus</span> <span class='ocrx_word' id='word_1_96' title='bbox 1587 1796 1667 1841; x_wconf 90' lang='lat' dir='ltr'>ac</span> <span class='ocrx_word' id='word_1_97' title='bbox 1715 1776 2004 1843; x_wconf 88' lang='lat' dir='ltr'>caeteris</span> <span class='ocrx_word' id='word_1_98' title='bbox 2064 1776 2567 1861; x_wconf 85' lang='lat' dir='ltr'>gravaminibus</span> <span class='ocrx_word' id='word_1_99' title='bbox 2629 1795 2737 1843; x_wconf 88' lang='lat' dir='ltr'>ex-</span> 
     </span>
     <span class='ocr_line' id='line_1_15' title="bbox 349 1880 2458 1965; baseline -0.001 -17"><span class='ocrx_word' id='word_1_100' title='bbox 349 1882 590 1965; x_wconf 61' lang='lat' dir='ltr'>ceptis»,</span> <span class='ocrx_word' id='word_1_101' title='bbox 619 1884 706 1947; x_wconf 90' lang='lat' dir='ltr'>ad</span> <span class='ocrx_word' id='word_1_102' title='bbox 752 1900 918 1962; x_wconf 87' lang='lat' dir='ltr'>quas</span> <span class='ocrx_word' id='word_1_103' title='bbox 965 1887 1036 1946; x_wconf 89' lang='lat' dir='ltr'>et</span> <span class='ocrx_word' id='word_1_104' title='bbox 1080 1899 1252 1961; x_wconf 87' lang='lat' dir='ltr'>quae</span> <span class='ocrx_word' id='word_1_105' title='bbox 1297 1898 1427 1947; x_wconf 89' lang='lat' dir='ltr'>non</span> <span class='ocrx_word' id='word_1_106' title='bbox 1474 1882 2009 1964; x_wconf 79' lang='lat' dir='ltr'>recognoscimus</span> <span class='ocrx_word' id='word_1_107' title='bbox 2056 1899 2176 1947; x_wconf 89' lang='lat' dir='ltr'>nos</span> <span class='ocrx_word' id='word_1_108' title='bbox 2224 1880 2458 1946; x_wconf 87' lang='lat' dir='ltr'>teneri.</span> 
     </span>
    </p>

    <p class='ocr_par' dir='ltr' id='par_1_4' title="bbox 323 1981 2739 4363">
     <span class='ocr_line' id='line_1_16' title="bbox 561 1981 2739 2068; baseline -0.003 -14"><span class='ocrx_word' id='word_1_109' title='bbox 561 1986 658 2054; x_wconf 90' lang='lat' dir='ltr'>Ut</span> <span class='ocrx_word' id='word_1_110' title='bbox 702 1986 905 2051; x_wconf 89' lang='lat' dir='ltr'>etiam</span> <span class='ocrx_word' id='word_1_111' title='bbox 953 1985 1332 2066; x_wconf 84' lang='lat' dir='ltr'>respublica</span> <span class='ocrx_word' id='word_1_112' title='bbox 1393 1987 1585 2068; x_wconf 87' lang='lat' dir='ltr'>regni</span> <span class='ocrx_word' id='word_1_113' title='bbox 1646 1992 1717 2050; x_wconf 89' lang='lat' dir='ltr'>et</span> <span class='ocrx_word' id='word_1_114' title='bbox 1777 2002 2062 2051; x_wconf 88' lang='lat' dir='ltr'>coronae</span> <span class='ocrx_word' id='word_1_115' title='bbox 2123 1986 2196 2051; x_wconf 91' lang='lat' dir='ltr'>B.</span> <span class='ocrx_word' id='word_1_116' title='bbox 2259 2003 2379 2067; x_wconf 88' lang='lat' dir='ltr'>pro</span> <span class='ocrx_word' id='word_1_117' title='bbox 2440 1981 2739 2066; x_wconf 87' lang='lat' dir='ltr'>magnifi-</span> 
     </span>
     <span class='ocr_line' id='line_1_17' title="bbox 347 2090 2738 2172; baseline -0.002 -17"><span class='ocrx_word' id='word_1_118' title='bbox 347 2090 576 2157; x_wconf 88' lang='lat' dir='ltr'>centia</span> <span class='ocrx_word' id='word_1_119' title='bbox 643 2098 1072 2171; x_wconf 80' lang='lat' dir='ltr'>patronorum</span> <span class='ocrx_word' id='word_1_120' title='bbox 1145 2096 1210 2155; x_wconf 90' lang='lat' dir='ltr'>et</span> <span class='ocrx_word' id='word_1_121' title='bbox 1281 2090 1690 2156; x_wconf 88' lang='lat' dir='ltr'>dominorum</span> <span class='ocrx_word' id='word_1_122' title='bbox 1758 2097 2150 2171; x_wconf 88' lang='lat' dir='ltr'>nostrorum,</span> <span class='ocrx_word' id='word_1_123' title='bbox 2219 2090 2292 2155; x_wconf 93' lang='lat' dir='ltr'>B.</span> <span class='ocrx_word' id='word_1_124' title='bbox 2352 2107 2605 2172; x_wconf 87' lang='lat' dir='ltr'>regum,</span> <span class='ocrx_word' id='word_1_125' title='bbox 2666 2094 2738 2153; x_wconf 90' lang='lat' dir='ltr'>et</span> 
     </span>
     <span class='ocr_line' id='line_1_18' title="bbox 345 2192 2730 2278; baseline -0.002 -17"><span class='ocrx_word' id='word_1_126' title='bbox 345 2194 761 2261; x_wconf 88' lang='lat' dir='ltr'>subditorum</span> <span class='ocrx_word' id='word_1_127' title='bbox 806 2195 998 2278; x_wconf 86' lang='lat' dir='ltr'>regni</span> <span class='ocrx_word' id='word_1_128' title='bbox 1044 2195 1373 2275; x_wconf 83' lang='lat' dir='ltr'>praedicti</span> <span class='ocrx_word' id='word_1_129' title='bbox 1419 2202 1616 2277; x_wconf 86' lang='lat' dir='ltr'>grata</span> <span class='ocrx_word' id='word_1_130' title='bbox 1664 2192 1899 2276; x_wconf 88' lang='lat' dir='ltr'>salute,</span> <span class='ocrx_word' id='word_1_131' title='bbox 1961 2193 2189 2259; x_wconf 80' lang='lat' dir='ltr'>felicia</span> <span class='ocrx_word' id='word_1_132' title='bbox 2244 2194 2569 2272; x_wconf 88' lang='lat' dir='ltr'>quondam</span> <span class='ocrx_word' id='word_1_133' title='bbox 2637 2193 2730 2258; x_wconf 91' lang='lat' dir='ltr'>in-</span> 
     </span>
     <span class='ocr_line' id='line_1_19' title="bbox 347 2296 2736 2380; baseline -0.001 -15"><span class='ocrx_word' id='word_1_134' title='bbox 347 2301 690 2365; x_wconf 88' lang='lat' dir='ltr'>crementa</span> <span class='ocrx_word' id='word_1_135' title='bbox 795 2299 1186 2380; x_wconf 79' lang='lat' dir='ltr'>suscipienS,</span> <span class='ocrx_word' id='word_1_136' title='bbox 1289 2298 1594 2366; x_wconf 89' lang='lat' dir='ltr'>felicibus</span> <span class='ocrx_word' id='word_1_137' title='bbox 1700 2304 1973 2365; x_wconf 89' lang='lat' dir='ltr'>auctore</span> <span class='ocrx_word' id='word_1_138' title='bbox 2080 2297 2221 2363; x_wconf 89' lang='lat' dir='ltr'>Deo</span> <span class='ocrx_word' id='word_1_139' title='bbox 2318 2296 2736 2363; x_wconf 86' lang='lat' dir='ltr'>successibus</span> 
     </span>
     <span class='ocr_line' id='line_1_20' title="bbox 341 2400 2729 2488; baseline -0.001 -19"><span class='ocrx_word' id='word_1_140' title='bbox 341 2409 707 2488; x_wconf 86' lang='lat' dir='ltr'>augeatur:</span> <span class='ocrx_word' id='word_1_141' title='bbox 766 2403 1212 2486; x_wconf 87' lang='lat' dir='ltr'>promittimus</span> <span class='ocrx_word' id='word_1_142' title='bbox 1276 2400 1451 2469; x_wconf 86' lang='lat' dir='ltr'>bona</span> <span class='ocrx_word' id='word_1_143' title='bbox 1511 2410 1749 2468; x_wconf 85' lang='lat' dir='ltr'>nostra</span> <span class='ocrx_word' id='word_1_144' title='bbox 1810 2404 1942 2469; x_wconf 88' lang='lat' dir='ltr'>fide</span> <span class='ocrx_word' id='word_1_145' title='bbox 2001 2409 2073 2469; x_wconf 89' lang='lat' dir='ltr'>et</span> <span class='ocrx_word' id='word_1_146' title='bbox 2132 2402 2275 2469; x_wconf 90' lang='lat' dir='ltr'>sine</span> <span class='ocrx_word' id='word_1_147' title='bbox 2337 2402 2510 2468; x_wconf 88' lang='lat' dir='ltr'>omni</span> <span class='ocrx_word' id='word_1_148' title='bbox 2580 2401 2729 2467; x_wconf 91' lang='lat' dir='ltr'>dolo</span> 
     </span>
     <span class='ocr_line' id='line_1_21' title="bbox 345 2505 2731 2591; baseline -0.002 -17"><span class='ocrx_word' id='word_1_149' title='bbox 345 2528 462 2590; x_wconf 90' lang='lat' dir='ltr'>pro</span> <span class='ocrx_word' id='word_1_150' title='bbox 533 2510 723 2576; x_wconf 88' lang='lat' dir='ltr'>uobis</span> <span class='ocrx_word' id='word_1_151' title='bbox 791 2516 862 2575; x_wconf 87' lang='lat' dir='ltr'>et</span> <span class='ocrx_word' id='word_1_152' title='bbox 928 2509 1431 2575; x_wconf 85' lang='lat' dir='ltr'>successoribus</span> <span class='ocrx_word' id='word_1_153' title='bbox 1499 2508 1748 2574; x_wconf 87' lang='lat' dir='ltr'>nostris</span> <span class='ocrx_word' id='word_1_154' title='bbox 1820 2506 1887 2573; x_wconf 92' lang='lat' dir='ltr'>in</span> <span class='ocrx_word' id='word_1_155' title='bbox 1957 2513 2368 2591; x_wconf 84' lang='lat' dir='ltr'>perpetuum,</span> <span class='ocrx_word' id='word_1_156' title='bbox 2428 2505 2731 2589; x_wconf 86' lang='lat' dir='ltr'>praefato</span> 
     </span>
     <span class='ocr_line' id='line_1_22' title="bbox 345 2611 2732 2696; baseline -0.002 -18"><span class='ocrx_word' id='word_1_157' title='bbox 345 2614 603 2679; x_wconf 89' lang='lat' dir='ltr'>domino</span> <span class='ocrx_word' id='word_1_158' title='bbox 652 2618 880 2679; x_wconf 89' lang='lat' dir='ltr'>nostro</span> <span class='ocrx_word' id='word_1_159' title='bbox 927 2613 1325 2694; x_wconf 88' lang='lat' dir='ltr'>Imperatori</span> <span class='ocrx_word' id='word_1_160' title='bbox 1371 2619 1691 2693; x_wconf 88' lang='lat' dir='ltr'>tanquam</span> <span class='ocrx_word' id='word_1_161' title='bbox 1738 2611 1812 2676; x_wconf 92' lang='grc' dir='ltr'>Β.</span> <span class='ocrx_word' id='word_1_162' title='bbox 1858 2611 2022 2696; x_wconf 84' lang='lat' dir='ltr'>regi,</span> <span class='ocrx_word' id='word_1_163' title='bbox 2068 2613 2425 2680; x_wconf 88' lang='lat' dir='ltr'>heredibus</span> <span class='ocrx_word' id='word_1_164' title='bbox 2472 2617 2543 2676; x_wconf 92' lang='lat' dir='ltr'>et</span> <span class='ocrx_word' id='word_1_165' title='bbox 2588 2628 2732 2675; x_wconf 89' lang='lat' dir='ltr'>suc-</span> 
     </span>
     <span class='ocr_line' id='line_1_23' title="bbox 342 2715 2731 2802; baseline -0.001 -20"><span class='ocrx_word' id='word_1_166' title='bbox 342 2719 721 2786; x_wconf 89' lang='lat' dir='ltr'>cessoribus</span> <span class='ocrx_word' id='word_1_167' title='bbox 769 2719 928 2800; x_wconf 89' lang='lat' dir='ltr'>suis,</span> <span class='ocrx_word' id='word_1_168' title='bbox 973 2720 1046 2783; x_wconf 91' lang='lat' dir='ltr'>B.</span> <span class='ocrx_word' id='word_1_169' title='bbox 1095 2717 1386 2802; x_wconf 53' lang='lat' dir='ltr'>regibus„</span> <span class='ocrx_word' id='word_1_170' title='bbox 1432 2719 1604 2798; x_wconf 87' lang='lat' dir='ltr'>quod</span> <span class='ocrx_word' id='word_1_171' title='bbox 1652 2716 1818 2784; x_wconf 89' lang='lat' dir='ltr'>nulli</span> <span class='ocrx_word' id='word_1_172' title='bbox 1872 2736 2159 2797; x_wconf 88' lang='lat' dir='ltr'>unquam</span> <span class='ocrx_word' id='word_1_173' title='bbox 2216 2719 2380 2800; x_wconf 85' lang='lat' dir='ltr'>regi,</span> <span class='ocrx_word' id='word_1_174' title='bbox 2411 2747 2417 2757; x_wconf 96' lang='lat'><strong>·</strong></span> <span class='ocrx_word' id='word_1_175' title='bbox 2447 2715 2731 2799; x_wconf 86' lang='lat' dir='ltr'>principi</span> 
     </span>
     <span class='ocr_line' id='line_1_24' title="bbox 342 2819 2727 2905; baseline -0.001 -19"><span class='ocrx_word' id='word_1_176' title='bbox 342 2839 459 2888; x_wconf 89' lang='lat' dir='ltr'>seu</span> <span class='ocrx_word' id='word_1_177' title='bbox 505 2821 706 2887; x_wconf 84' lang='lat' dir='ltr'>alteri</span> <span class='ocrx_word' id='word_1_178' title='bbox 754 2838 1078 2903; x_wconf 86' lang='lat' dir='ltr'>personae</span> <span class='ocrx_word' id='word_1_179' title='bbox 1125 2821 1236 2886; x_wconf 91' lang='lat' dir='ltr'>vel</span> <span class='ocrx_word' id='word_1_180' title='bbox 1279 2821 1673 2905; x_wconf 87' lang='lat' dir='ltr'>hominibus,</span> <span class='ocrx_word' id='word_1_181' title='bbox 1720 2821 2170 2902; x_wconf 84' lang='lat' dir='ltr'>cuiuscunque</span> <span class='ocrx_word' id='word_1_182' title='bbox 2224 2827 2467 2902; x_wconf 88' lang='lat' dir='ltr'>status,</span> <span class='ocrx_word' id='word_1_183' title='bbox 2512 2819 2727 2902; x_wconf 87' lang='lat' dir='ltr'>digni-</span> 
     </span>
     <span class='ocr_line' id='line_1_25' title="bbox 339 2925 2727 3009; baseline -0.001 -18"><span class='ocrx_word' id='word_1_184' title='bbox 339 2926 524 3008; x_wconf 79' lang='lat' dir='ltr'>tatis,</span> <span class='ocrx_word' id='word_1_185' title='bbox 571 2927 826 3009; x_wconf 85' lang='lat' dir='ltr'>gradus·</span> <span class='ocrx_word' id='word_1_186' title='bbox 873 2944 997 2991; x_wconf 87' lang='lat' dir='ltr'>seu</span> <span class='ocrx_word' id='word_1_187' title='bbox 1040 2925 1444 2992; x_wconf 89' lang='lat' dir='ltr'>conditionis</span> <span class='ocrx_word' id='word_1_188' title='bbox 1507 2927 1825 3002; x_wconf 80' lang='lat' dir='ltr'>existant,</span> <span class='ocrx_word' id='word_1_189' title='bbox 1886 2926 1995 3006; x_wconf 89' lang='lat' dir='ltr'>qui</span> <span class='ocrx_word' id='word_1_190' title='bbox 2056 2926 2248 3008; x_wconf 87' lang='lat' dir='ltr'>regni</span> <span class='ocrx_word' id='word_1_191' title='bbox 2310 2931 2381 2990; x_wconf 90' lang='lat' dir='ltr'>et</span> <span class='ocrx_word' id='word_1_192' title='bbox 2441 2942 2727 2991; x_wconf 88' lang='lat' dir='ltr'>coronae</span> 
     </span>
     <span class='ocr_line' id='line_1_26' title="bbox 342 3027 2726 3111; baseline -0.001 -16"><span class='ocrx_word' id='word_1_193' title='bbox 342 3029 653 3095; x_wconf 88' lang='lat' dir='ltr'>Boemiae</span> <span class='ocrx_word' id='word_1_194' title='bbox 703 3027 1054 3110; x_wconf 84' lang='lat' dir='ltr'>principes,</span> <span class='ocrx_word' id='word_1_195' title='bbox 1119 3027 1532 3111; x_wconf 74' lang='lat' dir='ltr'>principatus</span> <span class='ocrx_word' id='word_1_196' title='bbox 1580 3035 1651 3095; x_wconf 90' lang='lat' dir='ltr'>et</span> <span class='ocrx_word' id='word_1_197' title='bbox 1706 3031 2003 3111; x_wconf 82' lang='lat' dir='ltr'>ducatuS,</span> <span class='ocrx_word' id='word_1_198' title='bbox 2068 3029 2413 3096; x_wconf 85' lang='lat' dir='ltr'>civitatem</span> <span class='ocrx_word' id='word_1_199' title='bbox 2474 3028 2726 3095; x_wconf 88' lang='lat' dir='ltr'>Wrati·</span> 
     </span>
     <span class='ocr_line' id='line_1_27' title="bbox 340 3131 2726 3200; baseline -0 -2"><span class='ocrx_word' id='word_1_200' title='bbox 340 3134 743 3200; x_wconf 89' lang='lat' dir='ltr'>slaviensem</span> <span class='ocrx_word' id='word_1_201' title='bbox 792 3139 862 3199; x_wconf 91' lang='lat' dir='ltr'>et</span> <span class='ocrx_word' id='word_1_202' title='bbox 907 3133 1039 3199; x_wconf 89' lang='lat' dir='ltr'>alia</span> <span class='ocrx_word' id='word_1_203' title='bbox 1087 3132 1394 3199; x_wconf 83' lang='lat' dir='ltr'>similiter</span> <span class='ocrx_word' id='word_1_204' title='bbox 1447 3134 1514 3198; x_wconf 89' lang='lat' dir='ltr'>in</span> <span class='ocrx_word' id='word_1_205' title='bbox 1577 3142 1811 3200; x_wconf 88' lang='lat' dir='ltr'>nostra</span> <span class='ocrx_word' id='word_1_206' title='bbox 1878 3133 2416 3199; x_wconf 85' lang='lat' dir='ltr'>Wratislaviensi</span> <span class='ocrx_word' id='word_1_207' title='bbox 2476 3131 2726 3198; x_wconf 88' lang='lat' dir='ltr'>diocesi</span> 
     </span>
     <span class='ocr_line' id='line_1_28' title="bbox 341 3235 2722 3322; baseline -0.001 -19"><span class='ocrx_word' id='word_1_208' title='bbox 341 3256 460 3303; x_wconf 89' lang='lat' dir='ltr'>seu</span> <span class='ocrx_word' id='word_1_209' title='bbox 507 3236 665 3305; x_wconf 91' lang='lat' dir='ltr'>alibi</span> <span class='ocrx_word' id='word_1_210' title='bbox 713 3237 878 3302; x_wconf 90' lang='lat' dir='ltr'>sitos</span> <span class='ocrx_word' id='word_1_211' title='bbox 925 3246 1042 3303; x_wconf 82' lang='lat' dir='ltr'>aut</span> <span class='ocrx_word' id='word_1_212' title='bbox 1087 3235 1240 3318; x_wconf 89' lang='lat' dir='ltr'>sita,</span> <span class='ocrx_word' id='word_1_213' title='bbox 1286 3255 1411 3303; x_wconf 88' lang='lat' dir='ltr'>nec</span> <span class='ocrx_word' id='word_1_214' title='bbox 1456 3256 1586 3304; x_wconf 90' lang='lat' dir='ltr'>nou</span> <span class='ocrx_word' id='word_1_215' title='bbox 1633 3238 1941 3319; x_wconf 88' lang='lat' dir='ltr'>dominia,</span> <span class='ocrx_word' id='word_1_216' title='bbox 1972 3239 2147 3322; x_wconf 88' lang='lat' dir='ltr'>jura,</span> <span class='ocrx_word' id='word_1_217' title='bbox 2178 3246 2391 3304; x_wconf 89' lang='lat' dir='ltr'>metas</span> <span class='ocrx_word' id='word_1_218' title='bbox 2423 3255 2543 3302; x_wconf 87' lang='lat' dir='ltr'>seu</span> <span class='ocrx_word' id='word_1_219' title='bbox 2575 3253 2722 3318; x_wconf 86' lang='lat' dir='ltr'>pro-</span> 
     </span>
     <span class='ocr_line' id='line_1_29' title="bbox 339 3340 2721 3424; baseline -0.002 -16"><span class='ocrx_word' id='word_1_220' title='bbox 339 3343 598 3408; x_wconf 87' lang='lat' dir='ltr'>vincias</span> <span class='ocrx_word' id='word_1_221' title='bbox 644 3341 936 3423; x_wconf 88' lang='lat' dir='ltr'>ipsorum</span> <span class='ocrx_word' id='word_1_222' title='bbox 980 3341 1392 3424; x_wconf 86' lang='lat' dir='ltr'>impugnare,</span> <span class='ocrx_word' id='word_1_223' title='bbox 1440 3340 1775 3424; x_wconf 82' lang='lat' dir='ltr'>offendere</span> <span class='ocrx_word' id='word_1_224' title='bbox 1822 3343 1930 3408; x_wconf 91' lang='lat' dir='ltr'>vel</span> <span class='ocrx_word' id='word_1_225' title='bbox 1966 3341 2291 3409; x_wconf 85' lang='lat' dir='ltr'>invadere</span> <span class='ocrx_word' id='word_1_226' title='bbox 2324 3342 2721 3420; x_wconf 85' lang='lat' dir='ltr'>niterentur,</span> 
     </span>
     <span class='ocr_line' id='line_1_30' title="bbox 337 3445 2721 3530; baseline -0.002 -20"><span class='ocrx_word' id='word_1_227' title='bbox 337 3448 666 3512; x_wconf 84' lang='lat' dir='ltr'>adversus</span> <span class='ocrx_word' id='word_1_228' title='bbox 713 3446 1012 3511; x_wconf 90' lang='lat' dir='ltr'>dominos</span> <span class='ocrx_word' id='word_1_229' title='bbox 1057 3452 1129 3511; x_wconf 91' lang='lat' dir='ltr'>et</span> <span class='ocrx_word' id='word_1_230' title='bbox 1174 3453 1491 3526; x_wconf 80' lang='lat' dir='ltr'>patronos</span> <span class='ocrx_word' id='word_1_231' title='bbox 1538 3455 1821 3527; x_wconf 79' lang='lat' dir='ltr'>nostrOS,</span> <span class='ocrx_word' id='word_1_232' title='bbox 1869 3445 1943 3512; x_wconf 89' lang='lat' dir='ltr'>B.</span> <span class='ocrx_word' id='word_1_233' title='bbox 1991 3465 2203 3530; x_wconf 81' lang='lat' dir='ltr'>regeS,</span> <span class='ocrx_word' id='word_1_234' title='bbox 2249 3445 2362 3526; x_wconf 87' lang='lat' dir='ltr'>qui</span> <span class='ocrx_word' id='word_1_235' title='bbox 2408 3463 2526 3525; x_wconf 92' lang='lat' dir='ltr'>pro</span> <span class='ocrx_word' id='word_1_236' title='bbox 2558 3449 2721 3508; x_wconf 88' lang='lat' dir='ltr'>tem-</span> 
     </span>
     <span class='ocr_line' id='line_1_31' title="bbox 336 3547 2723 3632; baseline -0.001 -17"><span class='ocrx_word' id='word_1_237' title='bbox 336 3568 498 3632; x_wconf 88' lang='lat' dir='ltr'>pore</span> <span class='ocrx_word' id='word_1_238' title='bbox 567 3549 838 3630; x_wconf 88' lang='lat' dir='ltr'>fuerint‚</span> <span class='ocrx_word' id='word_1_239' title='bbox 924 3549 1412 3631; x_wconf 85' lang='lat' dir='ltr'>praestabimus</span> <span class='ocrx_word' id='word_1_240' title='bbox 1481 3557 1552 3616; x_wconf 89' lang='lat' dir='ltr'>et</span> <span class='ocrx_word' id='word_1_241' title='bbox 1609 3549 1927 3616; x_wconf 84' lang='lat' dir='ltr'>faciemus</span> <span class='ocrx_word' id='word_1_242' title='bbox 1992 3549 2327 3631; x_wconf 82' lang='lat' dir='ltr'>praestari</span> <span class='ocrx_word' id='word_1_243' title='bbox 2393 3553 2511 3614; x_wconf 90' lang='lat' dir='ltr'>aut</span> <span class='ocrx_word' id='word_1_244' title='bbox 2575 3547 2723 3613; x_wconf 83' lang='lat' dir='ltr'>fieri</span> 
     </span>
     <span class='ocr_line' id='line_1_32' title="bbox 335 3652 2719 3738; baseline -0.001 -20"><span class='ocrx_word' id='word_1_245' title='bbox 335 3653 812 3720; x_wconf 86' lang='lat' dir='ltr'>sustinebimus</span> <span class='ocrx_word' id='word_1_246' title='bbox 859 3673 902 3718; x_wconf 90' lang='lat' dir='ltr'>a</span> <span class='ocrx_word' id='word_1_247' title='bbox 945 3654 1136 3720; x_wconf 90' lang='lat' dir='ltr'>nobis</span> <span class='ocrx_word' id='word_1_248' title='bbox 1184 3655 1290 3718; x_wconf 86' lang='lat' dir='ltr'>vel</span> <span class='ocrx_word' id='word_1_249' title='bbox 1339 3655 1590 3720; x_wconf 88' lang='lat' dir='ltr'>nostris</span> <span class='ocrx_word' id='word_1_250' title='bbox 1637 3655 1962 3737; x_wconf 85' lang='lat' dir='ltr'>subjectis</span> <span class='ocrx_word' id='word_1_251' title='bbox 2008 3654 2342 3738; x_wconf 86' lang='lat' dir='ltr'>auxilium,</span> <span class='ocrx_word' id='word_1_252' title='bbox 2374 3652 2719 3720; x_wconf 87' lang='lat' dir='ltr'>consilium</span> 
     </span>
     <span class='ocr_line' id='line_1_33' title="bbox 335 3757 2722 3843; baseline -0.001 -21"><span class='ocrx_word' id='word_1_253' title='bbox 335 3760 442 3824; x_wconf 84' lang='lat' dir='ltr'>vel</span> <span class='ocrx_word' id='word_1_254' title='bbox 511 3757 828 3840; x_wconf 87' lang='lat' dir='ltr'>favorem,</span> <span class='ocrx_word' id='word_1_255' title='bbox 890 3758 1016 3824; x_wconf 89' lang='lat' dir='ltr'>imo</span> <span class='ocrx_word' id='word_1_256' title='bbox 1079 3775 1304 3824; x_wconf 90' lang='lat' dir='ltr'>omnes</span> <span class='ocrx_word' id='word_1_257' title='bbox 1370 3767 1440 3824; x_wconf 87' lang='lat' dir='ltr'>et</span> <span class='ocrx_word' id='word_1_258' title='bbox 1501 3760 1799 3843; x_wconf 85' lang='lat' dir='ltr'>singulas</span> <span class='ocrx_word' id='word_1_259' title='bbox 1864 3760 2261 3825; x_wconf 89' lang='lat' dir='ltr'>munitiones</span> <span class='ocrx_word' id='word_1_260' title='bbox 2325 3764 2590 3824; x_wconf 89' lang='lat' dir='ltr'>nostras</span> <span class='ocrx_word' id='word_1_261' title='bbox 2651 3766 2722 3821; x_wconf 88' lang='lat' dir='ltr'>et</span> 
     </span>
     <span class='ocr_line' id='line_1_34' title="bbox 331 3860 2717 3945; baseline -0.002 -16"><span class='ocrx_word' id='word_1_262' title='bbox 331 3861 658 3929; x_wconf 88' lang='lat' dir='ltr'>ecclesiae</span> <span class='ocrx_word' id='word_1_263' title='bbox 739 3860 1334 3944; x_wconf 82' lang='lat' dir='ltr'>wratislaviensis,</span> <span class='ocrx_word' id='word_1_264' title='bbox 1409 3864 1795 3928; x_wconf 88' lang='lat' dir='ltr'>nominatim</span> <span class='ocrx_word' id='word_1_265' title='bbox 1854 3877 2081 3930; x_wconf 85' lang='lat' dir='ltr'>terrae</span> <span class='ocrx_word' id='word_1_266' title='bbox 2144 3863 2486 3945; x_wconf 69' lang='lat' dir='ltr'>Nysens³s‚</span> <span class='ocrx_word' id='word_1_267' title='bbox 2548 3878 2717 3941; x_wconf 88' lang='lat' dir='ltr'>quae</span> 
     </span>
     <span class='ocr_line' id='line_1_35' title="bbox 327 3965 2717 4052; baseline -0 -21"><span class='ocrx_word' id='word_1_268' title='bbox 327 3975 518 4032; x_wconf 88' lang='lat' dir='ltr'>terra</span> <span class='ocrx_word' id='word_1_269' title='bbox 563 3965 894 4048; x_wconf 88' lang='lat' dir='ltr'>Nysensis</span> <span class='ocrx_word' id='word_1_270' title='bbox 963 3967 1391 4052; x_wconf 88' lang='lat' dir='ltr'>(disponente</span> <span class='ocrx_word' id='word_1_271' title='bbox 1439 3969 1749 4050; x_wconf 89' lang='lat' dir='ltr'>Domino)</span> <span class='ocrx_word' id='word_1_272' title='bbox 1814 3981 2278 4050; x_wconf 85' lang='lat' dir='ltr'>praeterquam</span> <span class='ocrx_word' id='word_1_273' title='bbox 2342 3968 2427 4032; x_wconf 90' lang='lat' dir='ltr'>ad</span> <span class='ocrx_word' id='word_1_274' title='bbox 2490 3983 2717 4048; x_wconf 88' lang='lat' dir='ltr'>super·</span> 
     </span>
     <span class='ocr_line' id='line_1_36' title="bbox 323 4070 2717 4154; baseline 0 -18"><span class='ocrx_word' id='word_1_275' title='bbox 323 4071 584 4154; x_wconf 87' lang='lat' dir='ltr'>scripta</span> <span class='ocrx_word' id='word_1_276' title='bbox 632 4079 702 4137; x_wconf 86' lang='lat' dir='ltr'>et</span> <span class='ocrx_word' id='word_1_277' title='bbox 747 4071 1188 4152; x_wconf 87' lang='lat' dir='ltr'>infrascripta</span> <span class='ocrx_word' id='word_1_278' title='bbox 1235 4072 1574 4154; x_wconf 89' lang='lat' dir='ltr'>promissa,</span> <span class='ocrx_word' id='word_1_279' title='bbox 1612 4070 1959 4154; x_wconf 88' lang='lat' dir='ltr'>juvamina</span> <span class='ocrx_word' id='word_1_280' title='bbox 2005 4079 2075 4137; x_wconf 90' lang='lat' dir='ltr'>et</span> <span class='ocrx_word' id='word_1_281' title='bbox 2116 4079 2472 4152; x_wconf 88' lang='lat' dir='ltr'>aperturas</span> <span class='ocrx_word' id='word_1_282' title='bbox 2504 4072 2717 4137; x_wconf 73' lang='lat' dir='ltr'>libera</span> 
     </span>
     <span class='ocr_line' id='line_1_37' title="bbox 325 4174 2715 4260; baseline 0 -20"><span class='ocrx_word' id='word_1_283' title='bbox 325 4193 592 4256; x_wconf 81' lang='lat' dir='ltr'>semper</span> <span class='ocrx_word' id='word_1_284' title='bbox 657 4175 928 4241; x_wconf 82' lang='lat' dir='ltr'>exstitit</span> <span class='ocrx_word' id='word_1_285' title='bbox 995 4183 1064 4241; x_wconf 90' lang='lat' dir='ltr'>et</span> <span class='ocrx_word' id='word_1_286' title='bbox 1131 4177 1383 4260; x_wconf 83' lang='lat' dir='ltr'>existit,</span> <span class='ocrx_word' id='word_1_287' title='bbox 1460 4195 1538 4240; x_wconf 83' lang='lat' dir='ltr'>ac</span> <span class='ocrx_word' id='word_1_288' title='bbox 1613 4177 1786 4242; x_wconf 87' lang='lat' dir='ltr'>alias</span> <span class='ocrx_word' id='word_1_289' title='bbox 1853 4178 2269 4258; x_wconf 87' lang='lat' dir='ltr'>munitiones,</span> <span class='ocrx_word' id='word_1_290' title='bbox 2338 4174 2715 4256; x_wconf 88' lang='lat' dir='ltr'>ubicunque</span> 
     </span>
     <span class='ocr_line' id='line_1_38' title="bbox 323 4277 2712 4363; baseline 0.001 -20"><span class='ocrx_word' id='word_1_291' title='bbox 323 4277 576 4344; x_wconf 84' lang='lat' dir='ltr'>fuerint</span> <span class='ocrx_word' id='word_1_292' title='bbox 605 4277 1036 4361; x_wconf 88' lang='lat' dir='ltr'>constitutae,</span> <span class='ocrx_word' id='word_1_293' title='bbox 1068 4280 1396 4346; x_wconf 87' lang='lat' dir='ltr'>adversus</span> <span class='ocrx_word' id='word_1_294' title='bbox 1428 4280 1795 4362; x_wconf 82' lang='lat' dir='ltr'>invasores,</span> <span class='ocrx_word' id='word_1_295' title='bbox 1830 4280 2325 4363; x_wconf 86' lang='lat' dir='ltr'>impugnatores</span> <span class='ocrx_word' id='word_1_296' title='bbox 2361 4297 2479 4344; x_wconf 88' lang='lat' dir='ltr'>seu</span> <span class='ocrx_word' id='word_1_297' title='bbox 2513 4279 2712 4347; x_wconf 88' lang='lat' dir='ltr'>offen-</span> 
     </span>
    </p>
   </div>
  </div>
 </body>
</html>
