3288 4973
1292 437 1682 497 -181-

298 634 530 701 debit.is
578 639 647 699 et
696 632 1124 724 pecuniarum
1176 638 1686 721 quantitatibus,
1749 640 1816 707 in
1877 640 2113 720 quibus
2174 642 2318 722 ipse
2383 642 2682 709 dominus

298 760 405 807 mx
450 748 797 827 praedicto
844 746 1047 812 fratri
1090 752 1339 828 nosti-0,
1408 744 1559 810 duci
1606 745 1900 810 Henrico
1965 746 2356 829 Sagauensi,
2419 748 2680 813 ratione

294 846 573 933 homagii
639 858 707 917 et
770 850 1146 919 vasallatus
1216 848 1344 915 sibi
1414 850 1493 913 de
1563 850 1766 914 terris
1833 849 1971 915 suis
2033 850 2198 917 facti
2259 851 2542 936 obligari
2611 860 2680 917 et

294 955 499 1019 teneri
548 954 970 1039 dignoscitur
1018 972 1227 1035 usque
1272 954 1341 1019 in
1388 960 1812 1035 praesentem
1860 954 2050 1039 diem,
2097 962 2324 1023 nostro
2373 963 2440 1023 et,
2488 976 2678 1039 prae-

292 1054 445 1122 dicti
490 1060 729 1127 fratris
778 1062 997 1127 nostri
1045 1058 1311 1125 nomine
1342 1059 1765 1143 absolvimuS,
1796 1060 2155 1128 liberamus
2190 1066 2260 1127 et
2293 1061 2678 1144 quittamus,

288 1178 359 1223 ac
402 1164 801 1245 absolutum,
849 1164 1138 1244 quittum
1188 1182 1266 1231 ac
1313 1163 1593 1228 liberum
1640 1165 1908 1245 penitus
1955 1166 2254 1249 dicimus,
2294 1165 2572 1232 facimus
2607 1172 2676 1232 et

285 1262 563 1333 fatemur
609 1271 693 1334 de
739 1270 925 1336 dicta
972 1286 1225 1335 summa
1270 1268 1595 1349 pecuniae
1642 1287 1762 1333 seu
1811 1269 2054 1335 debitis
2088 1269 2271 1353 ipsis,
2315 1288 2667 1353 recognos-

286 1374 505 1435 centes
554 1371 753 1439 fratri
786 1378 1017 1439 nostro
1060 1392 1209 1439 esse
1244 1372 1475 1439 taliter
1509 1374 1678 1439 bene
1711 1372 2165 1455 satisfactum3
2198 1376 2670 1457 promittentes

282 1472 703 1543 nihilominus
748 1481 919 1545 bona
968 1479 1097 1544 fide
1159 1476 1467 1543 ordinare
1531 1496 1680 1543 cuin
1742 1480 1996 1561 effectu,
2062 1482 2234 1560 quod
2298 1479 2466 1545 idem
2535 1482 2671 1545 dux

284 1578 633 1663 HenricUS‚
659 1580 875 1649 frater
896 1588 1147 1663 noster,
1183 1582 1361 1649 intra
1378 1582 1531 1648 hinc
1556 1588 1625 1647 et
1644 1582 1887 1649 festum
1906 1583 2287 1650 nativitatis
2309 1584 2370 1650 S.
2389 1585 2671 1651 ‚loannis

286 1682 349 1747 B.
397 1685 695 1766 proxime
742 1693 1094 1754 venturum
1141 1706 1365 1753 omnes
1420 1686 1656 1753 literas
1719 1695 1787 1753 et
1842 1689 2308 1771 instrumenta,
2373 1708 2538 1769 quas
2601 1694 2670 1755 et

286 1805 445 1865 quae
510 1810 553 1855 a
616 1794 924 1872 praefato
974 1792 1237 1859 domino
1300 1799 1527 1859 nostro
1590 1811 1746 1873 rege
1808 1793 1916 1860 vel
1977 1792 2335 1859 heredibus
2399 1793 2538 1859 suis
2601 1800 2670 1859 et

282 1893 776 1975 quibuscunque
820 1896 972 1963 aliis
1020 1896 1324 1977 personis
1370 1896 1575 1961 habet
1616 1904 1688 1961 et
1721 1898 1968 1962 habere
2002 1896 2413 1979 dignoscitur
2463 1915 2666 1977 super

280 1996 465 2061 dictis
538 2000 783 2067 debitis
846 2008 915 2067 et.
975 2020 1227 2067 summa
1296 2001 1746 2083 pecuniarum,
1793 2000 1970 2066 dicto
2033 2002 2291 2067 domino
2353 2002 2498 2085 regi
2558 2002 2664 2068 vel

280 2101 633 2170 heredibus
680 2107 820 2172 suis
865 2112 937 2173 et
996 2108 1059 2173 ei
1118 2106 1226 2173 vel
1287 2106 1407 2187 eiS,
1467 2106 1573 2171 cui
1635 2105 1743 2173 vel
1804 2106 2041 2186 quibus
2101 2107 2243 2187 ipse
2309 2108 2431 2173 hoc
2494 2124 2665 2185 com-

282 2205 919 2291 miseria-restituet
966 2216 1036 2277 et
1082 2210 1403 2295 assignet.

478 2310 561 2377 In
608 2312 804 2381 huius
850 2315 949 2379 rei
998 2365 1011 2380 .
1058 2365 1071 2381 .
1119 2364 1133 2380 .

478 2454 731 2522 Datum
776 2454 1077 2538 Aldinar,
1121 2454 1291 2522 feria
1338 2460 1495 2521 ante
1545 2454 1870 2520 dominica
1915 2454 2177 2538 ,ludica2
2231 2474 2288 2522 a.
2343 2456 2418 2522 D.
2477 2462 2662 2524 1338.

475 2595 703 2685 (Arch.
747 2593 817 2662 S.
870 2594 1075 2662 Wenc.
1116 2633 1205 2644 —-
1251 2595 1639 2682 Grimhaqen
1687 2595 1740 2664 I.
1787 2597 1932 2661 310.
1977 2633 2064 2643 ——-
2095 2593 2311 2659 Emler
2341 2595 2453 2662 IV.
2485 2596 2658 2682 537.)

476 2809 625 2875 159.
690 2802 1069 2874 Hem-icus
1121 2801 1277 2874 dux
1325 2803 1617 2874 Slcsiae
1665 2807 1742 2872 et
1788 2802 2134 2875 dominus
2193 2803 2657 2892 Saganensis

279 2910 639 2980 «Ioannem
686 2927 949 2995 regem
994 2908 1329 2978 absolvit
1378 2928 1423 2977 a
1470 2907 1750 2989 debito,
1798 2925 1945 2994 quo
1989 2906 2284 2978 ratione
2315 2907 2656 2996 homagii

278 3015 347 3083 et
388 3013 817 3084 vasallatus
881 3012 953 3082 61
1008 3012 1101 3083 de
1167 3011 1395 3082 terris
1462 3011 1625 3082 suis
1685 3011 1869 3081 facti
1929 3011 2080 3082 sibi
2140 3011 2654 3100 obligabatur.

473 3152 597 3207 List
632 3151 925 3208 Jindficha
960 3150 1219 3206 kuiezete
1246 3149 1553 3219 slezskeho,
1580 3167 1615 3204 v
1636 3152 1794 3205 neme
1833 3150 2051 3220 kvituje
2071 3152 2230 3206 kralc
2249 3152 2392 3206 Jana
2413 3152 2654 3207 ceskeho

278 3257 333 3294 ze
368 3239 531 3292 vsech
566 3238 903 3308 povinnosti‚
942 3239 1137 3293 kterei
1174 3238 1283 3292 mel
1310 3237 1431 3306 jest
1459 3237 1614 3306 jemu
1651 3236 1867 3292 uciniti.
1908 3239 2058 3292 1338.

844 3363 1064 3444 1338,
1112 3363 1219 3429 22.
1267 3357 1505 3428 Junii.
1554 3359 2047 3446 (Vercnstat.)

471 3501 869 3586 (contextus
912 3502 1089 3566 idem
1134 3506 1210 3566 ut
1255 3499 1325 3567 in
1376 3501 1734 3582 diplomate
1780 3500 2256 3586 praecedenti.)

472 3640 592 3723 (A.
638 3640 733 3709 K.
780 3677 867 3688 -—-
912 3638 1109 3708 Arch.
1154 3639 1219 3707 S.
1274 3639 1476 3709 W'enc.
1523 3676 1607 3689 —
1657 3637 1872 3703 Emler
1917 3638 2028 3704 IV.
2079 3640 2252 3726 542.)

472 3833 615 3900 160.
666 3829 971 3900 Carmin
1013 3831 1303 3916 herzog
1335 3849 1431 3896 zu
1466 3828 1749 3900 Stettin
1779 3849 1852 3898 u.
1892 3829 2302 3916 Polumemi,
2349 3830 2646 3918 spi-icht

279 3934 391 4005 (lie
462 3934 611 4004 ihm
680 3955 857 4006 vom
925 3933 1421 4022 mai-kgrafen
1488 3933 1821 4022 Ludwig
1882 3956 2032 4004 von
2090 3934 2650 4024 Brundenburg

276 4041 695 4111 versetzten
767 4039 1063 4110 staedte
1142 4040 1643 4129 Premyslow,
1712 4039 2074 4110 Boswald
2139 4039 2293 4109 und
2356 4040 2648 4128 Anger-

278 4144 535 4215 miinde
577 4144 775 4215 aller
823 4143 1392 4232 verpssichtung
1436 4145 1557 4214 los
1603 4166 1676 4215 u.
1725 4144 1960 4232 ledig.

750 4287 944 4372 1338,
990 4288 1098 4354 13.
1144 4285 1505 4372 Augusti.
1554 4284 2158 4374 (Frankenfurt.)

474 4421 690 4510 (Ao-ch.
734 4423 802 4495 S.
850 4423 1087 4512 Wenc.)
