3288 4973
435 504 585 555 1360.

437 2404 586 2453 -6-1.

441 3843 591 3894 1349.

439 4017 591 4067 -51.

1437 302 1831 363 -605-

646 501 791 569 Liga
855 500 1136 567 Rudolphi
1197 517 1322 557 cum
1384 505 1582 557 Uarolo

645 588 783 652 Imp.
847 594 908 641 et
963 588 1181 641 Joanne
1243 589 1452 641 march.
1515 620 1582 628 ——

643 674 876 727 Carolus
898 679 958 725 et
975 675 1010 727 J
1016 690 1224 727 oannes
1250 676 1586 729 renuntiant

645 759 894 813 omnibus
924 758 1144 827 ,iuribus
1184 761 1302 815 suis
1325 762 1386 815 in
1413 762 1584 815 terris

643 846 929 899 ,histriae
979 877 1044 885 —
1095 846 1422 913 Rudolphus
1472 849 1584 902 dux

645 932 937 986 renuntiat
1026 933 1277 987 omnibus
1362 934 1583 1003 juribus

643 1020 759 1073 suis
821 1020 880 1071 in
941 1020 1109 1073 terris
1173 1022 1454 1074 Boemiae.
1516 1053 1584 1061 --

644 1107 728 1159 De
781 1106 1020 1159 subditis
1077 1108 1345 1161 Austriae
1397 1113 1583 1173 prote-

645 1192 862 1261 gerulis,

648 1280 1060 1335 Conventiones
1132 1281 1284 1335 inter
1351 1283 1584 1336 Carolus

645 1372 706 1419 et
729 1367 1002 1419 Joannem
1041 1368 1247 1420 march.
1277 1382 1344 1421 ex
1381 1384 1490 1423 una
1523 1374 1584 1423 et

641 1452 994 1517 Rudolphum
1053 1454 1248 1507 ducem
1297 1460 1460 1519 parte
1513 1470 1580 1507 ex

644 1541 846 1593 altera.
887 1570 954 1577 —-
991 1540 1074 1592 De
1111 1556 1218 1593 non
1247 1541 1581 1607 recipiendis

645 1626 884 1680 subditis
907 1627 1166 1679 Boemiae
1195 1634 1256 1679 et
1275 1626 1581 1680 Moraviae.

645 1743 712 1751 -—
751 1712 834 1765 De
871 1712 1103 1768 ,Iudaeis
1143 1728 1172 1765 e
1199 1713 1262 1766 B.
1288 1720 1348 1767 et
1375 1714 1446 1767 M.
1473 1730 1583 1767 non

648 1798 1002 1865 recipiendis,
1043 1806 1102 1851 et
1139 1800 1262 1852 vice
1299 1816 1482 1854 versa.

578 1926 587 1937 .
649 1885 958 1937 (tonventio
1011 1885 1164 1939 inter
1215 1888 1470 1941 Carnium
1524 1894 1583 1940 et

644 1972 956 2024 Johannem
1004 1974 1212 2025 march.
1261 1988 1328 2026 ex
1372 1990 1484 2028 una
1523 1978 1584 2026 et

643 2057 811 2111 duces
828 2058 1095 2113 Austriae
1113 2066 1274 2125 parte
1291 2076 1356 2113 ex
1380 2062 1580 2114 altera.

643 2174 710 2181 --
737 2146 1046 2199 (fonventio
1082 2146 1464 2215 Esslingensis
1489 2148 1579 2199 fir-

643 2236 848 2282 matur.
887 2262 953 2269 —-
991 2232 1134 2286 Unio
1183 2248 1304 2287 cum
1349 2233 1582 2287 ducibus

645 2317 933 2370 Austriae.

645 2402 812 2455 Pacis
872 2403 1003 2455 unio
1067 2404 1216 2457 inter
1277 2407 1339 2458 B.
1396 2412 1456 2459 et
1509 2407 1580 2459 M.

650 2505 716 2542 ex
775 2505 886 2542 una
936 2497 994 2544 et
1048 2491 1355 2560 Ungariam
1411 2501 1582 2560 atque

649 2577 938 2630 Austriam
977 2587 1140 2644 parte
1181 2594 1248 2632 ex
1287 2581 1488 2634 altera.
1515 2611 1582 2620 -

647 2663 954 2716 Conventio
1004 2666 1072 2716 de
1119 2673 1314 2720 mutua
1363 2683 1580 2722 sucees-

646 2749 800 2802 sione
847 2750 998 2803 inter
1042 2751 1104 2804 B.
1143 2758 1202 2805 et
1241 2755 1304 2805 A.
1341 2785 1409 2792 -—
1448 2755 1581 2808 Pro-

643 2835 933 2888 missiones
1027 2844 1216 2892 terrae
1310 2841 1580 2895 Austriae

645 2922 856 2992 factae,
938 2931 996 2976 et
1069 2926 1190 2978 vice
1271 2943 1453 2980 versa.
1512 2961 1580 2968 —

643 3009 920 3063 Assensus
981 3011 1281 3066 civitatum
1341 3021 1400 3066 et
1453 3031 1578 3080 pro-

585 3102 596 3107 “
647 3111 833 3150 cerum
869 3097 1154 3150 Austriae.

579 3224 589 3234 .
645 3181 789 3236 Unio
828 3183 1178 3238 hereditaria
1231 3185 1380 3238 inter
1417 3187 1481 3238 B.
1520 3193 1580 3240 et

645 3269 936 3322 Austriam
991 3277 1282 3323 renovata.
1331 3301 1398 3308 —-
1447 3272 1581 3326 Pro-

647 3355 834 3409 missio
910 3355 977 3408 de
1034 3356 1252 3424 juribus
1313 3359 1580 3414 :lustriae

647 3443 955 3512 servandiS,
997 3451 1056 3494 et
1093 3443 1214 3496 vice
1255 3459 1434 3498 versa.

676 3683 1052 3754 Bavariae
1098 3685 1352 3757 duces·

649 3841 972 3907 Rudolphus
1010 3842 1122 3894 dux
1160 3841 1357 3895 definit
1396 3843 1580 3896 dotem

647 3929 840 3980 Annae
881 3927 1032 3980 filiae
1071 3943 1207 3982 suae

649 4014 864 4066 Foedus
921 4029 1044 4066 cum
1082 4013 1370 4082 Stephano
1424 4018 1579 4082 pala-

646 4101 766 4154 tino
804 4101 1001 4154 Rheni.

645 4187 906 4240 Litterae
959 4187 1234 4254 Stephani
1285 4190 1352 4242 ‹le
1407 4190 1580 4242 homi-

645 4274 806 4327 nibus
825 4275 987 4342 regni
1012 4276 1074 4328 B.
1096 4290 1204 4328 non
1225 4275 1578 4342 recipiendis.
1631 4243 1638 4333 Ι

1694 507 1845 557 1353.

1901 506 2169 560 Venditio
2226 516 2535 563 castrorum
2593 515 2651 561 et
2702 508 2837 561 civi-

1900 602 2086 647 tatum
2170 610 2201 646 a
2276 594 2543 661 Ruperto,
2634 595 2833 647 comite

1899 681 2171 747 palatino,
2222 698 2395 751 regno
2446 684 2510 735 B.
2554 682 2729 735 facta.
2768 712 2837 719 --

1900 766 2159 821 Litterae
2238 764 2383 822 hanc
2454 768 2835 821 venditionem

1897 861 2315 909 concernentes.
2352 886 2420 893 —-
2458 856 2540 907 Cf.
2582 858 2731 909 1355.

1833 982 1842 991 .
1901 941 2177 1007 Stephani
2231 956 2363 995 com.
2425 942 2535 1007 pal.
2599 942 2831 995 litterae

1898 1028 1967 1080 de
2052 1028 2209 1081 bonis
2282 1029 2339 1081 in
2412 1028 2639 1081 Boemia
2722 1044 2832 1081 non

1898 1115 2161 1167 emendis,
2202 1144 2267 1152 --
2307 1115 2389 1167 Cf.
2430 1117 2578 1167 1358.

1800 1206 1843 1253 ““.
1900 1201 2167 1255 Albertus
2218 1218 2352 1255 com.
2391 1203 2503 1267 pal.
2542 1202 2833 1255 renuntiat

1899 1287 2169 1355 omnijuri
2183 1304 2281 1341 suo
2298 1288 2353 1341 in
2372 1289 2541 1341 terris
2556 1290 2834 1342 Boemiae.

1832 1418 1841 1428 .
1896 1374 2115 1429 Foedus
2144 1390 2267 1429 cum
2302 1375 2534 1428 Alberto
2575 1376 2634 1428 B.
2674 1374 2833 1429 duce.

1832 1505 1842 1515 .
1898 1461 2269 1516 Renuntiatio
2350 1462 2626 1527 Stephani
2698 1478 2831 1515 com.

1896 1550 2007 1615 pal.
2084 1548 2201 1617 juri
2281 1563 2378 1599 suo
2454 1548 2510 1601 in
2584 1550 2833 1603 marchia

1898 1635 2286 1703 Brandeburg.

1833 1763 1844 1774 .
1900 1722 2184 1787 Rupertus
2222 1737 2357 1774 com.
2394 1723 2505 1787 pal.
2540 1724 2833 1777 renuntiat

1890 1808 2109 1877 juribus
2148 1808 2264 1861 suis
2302 1808 2360 1861 in
2396 1811 2566 1863 terris
2594 1826 2832 1866 coronae

1899 1895 2007 1947 sibi
2044 1896 2507 1961 competentibus.

1898 1982 2113 2035 Ducum
2187 1983 2465 2035 Bavariae
2539 1986 2830 2051 promissio

1896 2084 2063 2134 super
2124 2070 2474 2123 exsolutione
2536 2072 2831 2140 pignorum

1898 2170 1995 2219 pro
2016 2156 2265 2208 marchia
2284 2158 2489 2209 Brand.
2518 2158 2624 2211 sibi
2652 2160 2832 2229 assig-

1898 2250 2173 2295 natorum.

1753 2394 2313 2485 Brandenbu1·g
2358 2398 2782 2489 (marchia).

1692 2539 1842 2591 1336.

1688 2801 1841 2852 -48.

1686 3061 1839 3110 —49.

1900 2537 2117 2591 Foedus
2148 2537 2409 2592 bellicum
2436 2555 2559 2594 cum
2585 2544 2830 2610 archiep.

1898 2625 2267 2696 Magdeburg.
2322 2633 2521 2680 contra
2594 2631 2829 2684 marchi-

1897 2728 2055 2765 onem
2093 2713 2477 2782 Brandeburg.

1898 2799 2287 2854 Woldemarus
2362 2802 2606 2854 marchio
2676 2817 2827 2856 reco-

1896 2886 2117 2954 gnoscit
2146 2887 2449 2940 marchiam
2468 2887 2829 2944 Lusicensem

1894 2987 1953 3024 se
1994 2974 2192 3027 ('arolo
2230 2973 2327 3025 IV.
2368 2975 2605 3028 dedisse.

1894 3059 2201 3110 Concordia
2282 3060 2659 3116 marchionum
2736 3065 2833 3118 Br.

1899 3161 2019 3198 cum
2059 3146 2259 3198 (ἴω-010
2298 3161 2451 3214 rege.

1894 3233 1978 3285 De
2006 3232 2245 3285 subditis
2266 3233 2452 3287 Caroli
2472 3235 2625 3302 regis
2646 3244 2833 3301 prote-

1902 3320 2119 3389 gelidis,

1898 3407 2249 3460 Marchiones
2332 3407 2427 3460 Br.
2500 3409 2831 3464 renuntiant

1892 3493 2111 3562 juribus
2156 3494 2271 3546 suis
2311 3509 2478 3559 super
2516 3497 2683 3549 terris
2720 3497 2831 3552 Bu-

1898 3581 2073 3634 dissin
2118 3589 2176 3634 et
2212 3581 2417 3636 Gorlic.

1833 3711 1843 3722 .
1898 3668 2213 3722 Ludovicus
2252 3668 2499 3722 marchio
2530 3671 2683 3724 cedit
2699 3670 2832 3738 jura.

1898 3771 1999 3810 sua
2040 3756 2237 3808 Carolo
2278 3755 2418 3823 regi.

1896 3841 2169 3895 Ludovici
2178 3841 2515 3894 marchionis
2527 3843 2834 3897 enuntiati-

1898 3945 2029 3982 ones
2068 3928 2461 3997 obligatoriae.

1899 4015 2209 4069 Conventio
2261 4031 2385 4068 cum
2418 4017 2833 4071 marchionibus

1896 4105 1960 4156 B.
2006 4118 2174 4168 super
2230 4103 2527 4156 ducatibus
2584 4103 2829 4158 Svidnic.

1898 4201 1957 4244 et
2017 4190 2173 4242 Jaur.
2240 4205 2303 4241 ac
2364 4190 2613 4242 marchia
2672 4189 2833 4242 Lusi-

1897 4278 2065 4332 censi.
2107 4309 2171 4314 —
2212 4275 2562 4330 marchiones
2600 4278 2662 4329 B.
2690 4277 2830 4329 reci-
