3288 4973
1467 387 1811 446 --10—

449 591 531 640 23.
572 589 712 656 Oet„
779 601 1016 657 regnum
1069 587 1334 642 Boemiac
1385 588 1568 642 nullas
1623 585 1767 640 alias
1822 586 2047 640 litteras
2102 586 2497 653 imperatorum
2554 586 2835 654 possidere

451 689 614 740 quam
653 673 858 728 bullam
895 689 1122 728 auream
1163 673 1438 729 Friderici
1473 675 1546 729 H.
1588 676 1726 728 1212
1763 687 1929 728 unam
1966 679 2025 728 et
2066 675 2200 728 1216
2238 673 2487 729 alteram.

659 814 817 868 Anno
857 815 992 867 1323
1029 813 1239 867 mentio
1289 815 1352 866 fit
1397 814 1465 867 de
1503 811 1833 881 quibusdam
1872 811 2232 879 documenti8‚
2274 813 2365 882 „in
2404 811 2602 880 quibus
2642 819 2700 868 et
2736 829 2835 881 per

465 915 606 968 quae
660 899 893 955 barones
951 899 1111 968 regni
1159 901 1418 955 Boemiae
1473 916 1534 954 se
1583 900 1975 968 obligaverant
2024 899 2254 954 Alberto
2293 901 2415 970 regi
2450 901 2836 968 Romanorum,

449 986 593 1054 quod
647 985 860 1040 nullum
915 987 1183 1041 deberent
1237 987 1344 1042 sibi
1399 987 1456 1041 in
1513 1001 1704 1054 regem
1746 986 2002 1043 Boemiae
2058 1001 2356 1055 assumere,
2412 985 2520 1042 nisi
2557 1001 2725 1040 unum
2762 1002 2831 1040 ex

445 1073 790 1141 principibus
849 1081 909 1127 et
959 1073 1026 1126 de
1075 1072 1232 1127 domo
1284 1073 1485 1127 ducum
1529 1073 1845 1127 Austriae“.
1918 1075 2265 1128 Documenta
2314 1073 2453 1127 haec
2505 1087 2827 1129 commemo—

446 1164 644 1216 rantur
667 1159 814 1227 apud
833 1159 1061 1214 Petrum
1087 1158 1344 1214 abbatem
1369 1159 1546 1214 Aulae
1567 1159 1799 1228 Regiae,
1840 1167 2219 1226 vocanturque
2248 1159 2456 1226 „ardua
2482 1158 2833 1227 privilegia“,

450 1245 783 1316 „privilegia
841 1245 1114 1314 quaedam
1187 1245 1507 1314 fortissima,
1579 1246 1639 1300 in
1702 1245 1900 1312 quibus
1979 1245 2212 1316 majores
2274 1247 2509 1302 barones
2570 1246 2830 1302 Boemiae

449 1332 792 1402 temporibus
829 1333 1050 1387 Alberti
1085 1333 1238 1388 Rom.
1269 1333 1447 1405 segis,
1499 1333 1699 1388 ducum
1736 1333 2002 1388 Austriae
2038 1332 2331 1403 genitoris,
2368 1333 2507 1402 ipsis
2544 1331 2697 1388 hisee
2734 1333 2833 1388 du·

449 1421 601 1476 cibus
635 1420 902 1476 Austriae
939 1420 1100 1488 plura
1135 1419 1364 1476 incaute
1394 1420 1715 1490 juramenta
1750 1420 2009 1476 fecerant
2046 1424 2106 1476 et
2138 1421 2457 1490 promissa.“

651 1560 894 1629 Quorum
940 1560 1393 1615 documentorum
1457 1575 1601 1621 anno
1641 1561 1778 1616 1323
1825 1576 1858 1614 a
1894 1559 2127 1615 ducibus
2162 1559 2427 1614 Austriae
2466 1561 2589 1631 regi
2627 1559 2830 1616 Joanni

445 1647 848 1717 restitutorum,
887 1652 1186 1702 contextus
1225 1653 1284 1702 et
1321 1653 1483 1702 tenor
1519 1647 1685 1717 plane
1722 1621 2030 1716 ignoratur,
2073 1647 2418 1702 documentis
2456 1646 2593 1714 ipsis
2632 1651 2833 1714 expost

447 1733 847 1790 verisimillime
883 1734 1180 1788 exstinctis

650 1855 924 1912 Rudolfus
984 1855 1094 1909 dux
1131 1855 1398 1912 Austriae
1438 1857 1496 1910 in
1531 1854 1782 1927 generali
1816 1828 2098 1910 ‘conventu
2136 1855 2299 1925 regni
2336 1855 2597 1912 Boemiae
2634 1856 2828 1912 diebus

443 1947 646 2000 8.-15.
687 1945 806 1998 Oct.
831 1944 968 2000 1306
1003 1942 1304 2014 celebrato,
1357 1943 1620 2000 Heinrico
1682 1943 1821 1998 duee
1876 1942 2208 1998 Kariathiae
2266 1950 2465 2012 amoto,
2525 1944 2585 1999 in
2642 1959 2827 2013 regem

447 2037 535 2086 est
573 2032 801 2098 electus,
841 2029 1112 2098 duxitque
1147 2043 1376 2085 uxorem
1413 2029 1817 2100 Elisabetham,
1856 2029 2009 2099 regis
2030 2031 2351 2087 wenceslai
2387 2032 2458 2086 Π.
2498 2030 2735 2086 viduam.

645 2151 908 2242 (Chr-on.
952 2152 1164 2218 Aulae
1211 2152 1472 2239 Regiae,
1520 2151 1756 2219 Chr-on.
1808 2152 2073 2218 Benesii
2120 2165 2309 2239 atque
2356 2155 2699 2220 Francisci
2739 2157 2828 2220 ad

439 2281 676 2322 annum
721 2257 942 2344 1323.)

649 2416 784 2482 Nos
855 2416 1197 2483 Johannes
1265 2415 1616 2499 episcopus
1678 2417 2056 2503 PragensiS,
2118 2419 2393 2503 Heynco
2462 2421 2544 2485 de
2610 2419 2825 2503 Duba,

441 2522 730 2587 Thobias
793 2524 876 2587 de
921 2520 1328 2605 Bechingen,
1389 2521 1745 2587 Heinricus
1793 2522 1875 2589 de
1920 2522 2336 2607 Rosemberg
2398 2524 2825 2605 camerariuS,

439 2626 762 2693 Albertus
824 2628 907 2691 de
954 2624 1225 2709 Seberg,
1287 2626 1715 2707 Reymundus
1780 2629 1862 2693 de
1908 2628 2405 2710 Luehtemburg
2486 2631 2823 2695 subcame-

440 2728 676 2814 rarius,
733 2729 1093 2796 Heinricus
1140 2732 1224 2795 de
1269 2732 1480 2813 Lypa,
1539 2731 1805 2798 Ulricus
1851 2733 1933 2797 de
1980 2732 2499 2817 Luchtemburg,
2536 2732 2799 2815 judiees

431 2834 645 2919 jurati
691 2840 760 2901 et
806 2834 1214 2901 universitas
1262 2834 1506 2902 civium
1552 2837 1620 2901 in
1666 2837 1891 2919 Praga
1937 2889 1950 2904 .
2000 2891 2011 2904 .
2059 2889 2071 2903 .

644 2991 753 3058 Ad
797 2991 1242 3058 universalem
1289 2990 1594 3058 notitiam
1643 2994 1940 3074 cupimus
1988 2995 2363 3079 pervenire,
2409 2994 2581 3075 quod
2628 3014 2670 3059 a
2708 2996 2820 3059 do-

437 3096 610 3163 mino
661 3099 886 3161 nostro
943 3096 1240 3179 Albert0,
1305 3096 1747 3164 Romanorum
1792 3116 1971 3182 rege,
2016 3099 2185 3165 alias
2230 3098 2515 3180 litteras,
2560 3098 2821 3183 gratias

437 3206 506 3265 et
553 3199 907 3283 privilegia
965 3217 1242 3281 regnum
1289 3200 1644 3267 Bohemiae
1694 3202 2046 3285 tangentia
2106 3222 2230 3269 nec
2276 3202 2631 3295 petivimus
2694 3221 2822 3270 nec

439 3304 775 3387 habemuS,
835 3304 965 3369 nisi
1027 3304 1292 3370 litteras
1353 3304 1526 3371 infra
1585 3306 1895 3391 scriptas,
1966 3325 2129 3387 quas
2193 3311 2313 3374 sub
2370 3308 2549 3374 bulla
2616 3326 2822 3373 aurea

435 3425 712 3491 regnum
773 3408 1130 3474 Bohemiae
1188 3408 1438 3475 habere
1485 3410 1877 3494 dinoscitur,
1922 3410 2022 3498 (et
2068 3411 2263 3497 quas)
2311 3411 2654 3494 praefatus
2700 3430 2822 3477 rex

433 3511 562 3593 ipsi
609 3530 816 3595 regno
861 3512 1216 3578 Bohemiae
1264 3513 1366 3578 sui
1413 3515 1634 3597 gratia
1682 3516 2110 3583 confirmavit.

644 3668 931 3750 Quarum
978 3668 1356 3735 litterarum
1401 3675 1597 3737 tenor
1641 3673 1725 3737 de
1773 3674 1977 3739 verbo
2024 3674 2109 3739 ad
2140 3675 2415 3739 verbum
2450 3672 2821 3739 dinoscitur

432 3778 540 3839 est
584 3772 781 3839 talis:

635 3876 1023 3944 Fridericus
1097 3878 1325 3943 divina
1384 3879 1658 3945 favente
1720 3880 2073 3946 clementia
2118 3880 2556 3948 Romanorum
2618 3880 2817 3962 impe-

431 3987 618 4047 rator
663 3980 919 4048 electus
965 3986 1094 4049 etc.

637 4120 886 4185 Datum
974 4119 1044 4185 in
1132 4121 1336 4187 nobili
1427 4122 1707 4187 civitate
1798 4121 2149 4189 Basiliensi
2238 4122 2351 4189 VI.
2444 4122 2593 4188 Kal.
2670 4122 2818 4190 Oct.

439 4223 548 4309 (=
605 4230 788 4309 1212,
833 4230 934 4291 26.
981 4224 1188 4309 Sept.)

637 4354 819 4443 (Vid.
873 4352 1086 4421 Codex
1119 4356 1300 4441 juris
1347 4354 1687 4423 Bohemicz‘
1729 4357 1809 4441 L,
1840 4358 1978 4446 25.)
