3288 4973
1555 350 1941 411 —142—

757 549 828 615 Si
875 553 1100 614 autem
1144 548 1392 616 liberos
1435 550 1767 634 legitimos
1827 553 2206 634 relinquere
2250 573 2371 620 nos
2418 554 2788 638 contingat,
2843 553 2937 619 hii

551 652 847 720 feodales
924 655 1114 738 regni
1189 656 1264 724 B.
1341 658 1687 739 perpetuis
1765 677 1914 726 esse
1990 659 2397 741 temporibus
2473 661 2940 742 censebuntur,

551 758 789 839 quibus
832 759 1192 840 legitimam
1239 767 1531 828 aetatem
1577 781 1710 834 non
1767 762 2169 830 habentibus
2232 763 2577 844 praefatus
2639 763 2939 829 dominus

553 883 672 930 rex
719 865 793 931 B.
840 882 1062 930 eorum
1108 869 1296 930 tutor
1340 866 1472 932 erit
1516 866 1853 948 legitimus
1900 871 1972 934 et
2019 872 2307 934 curator.

757 967 1252 1036 Renuntiantes
1299 970 1367 1036 in
1415 969 1801 1052 praemissis
1847 975 1974 1038 etc.
2022 975 2148 1036 etc.

755 1074 894 1140 Nos
940 1091 1101 1140 vero
1146 1073 1438 1156 praefati
1504 1075 1750 1141 domini
1813 1075 2003 1142 ducis
2063 1076 2324 1158 vasalli,
2386 1080 2549 1158 puta
2605 1073 2939 1141 Heni-icus

551 1179 634 1244 de
679 1178 1002 1263 Hugvicz,
1050 1179 1470 1245 Her-mannus
1518 1182 1598 1245 de
1646 1179 2113 1262 Peterswaldt‚
2151 1180 2489 1246 Henricus
2523 1181 2605 1245 de
2636 1179 2939 1262 Sthercz,

549 1284 979 1352 Rheinkerus
1027 1285 1109 1350 de
1155 1284 1627 1365 Pissowzhein,
1672 1283 1719 1348 J
1724 1302 1972 1350 oannes
2020 1285 2103 1350 de
2136 1283 2388 1349 Budow
2420 1289 2491 1352 et
2520 1283 2823 1350 Joannes
2855 1285 2939 1349 de

551 1390 870 1472 Bussove,
929 1408 1008 1455 ac
1055 1389 1401 1455 civitatum
1449 1389 1774 1470 60636163,
1832 1394 1997 1470 puta
2042 1389 2530 1470 Munsterberg,
2594 1389 2942 1470 Reychen-

551 1493 740 1577 bach,
785 1493 1301 1576 Frankenstein,
1352 1491 1628 1558 Strelitz
1692 1499 1761 1558 et
1820 1493 2025 1576 Kant,
2084 1493 2169 1558 ad
2214 1493 2717 1573 requisitionem
2774 1493 2945 1558 dicti

553 1598 798 1663 domini
843 1599 1074 1680 nostri,
1120 1597 1309 1662 ducis
1349 1596 1651 1682 illustriS,
1685 1595 2127 1678 promittimus
2162 1601 2231 1662 et
2264 1597 2563 1664 volumus
2596 1615 2714 1678 pro
2748 1597 2943 1663 nobis

553 1705 623 1767 et
670 1702 1059 1768 civitatibus
1106 1702 1357 1768 nostris
1405 1703 1623 1768 omnia
1669 1708 1739 1768 et
1786 1701 2047 1784 singula
2092 1701 2458 1782 praemissa
2495 1705 2564 1768 et
2596 1701 2947 1782 quodlibet

553 1805 1062 1886 praemissorum
1119 1823 1242 1885 per
1295 1805 1512 1887 ipsum
1573 1806 1903 1872 dominum
1969 1811 2265 1871 nostrum
2328 1805 2691 1872 Bolkonem
2737 1806 2943 1900 facta,

553 1914 764 1992 grata,
810 1915 978 1992 rata,
1025 1909 1213 1976 firma
1275 1914 1347 1975 et
1407 1909 1971 1975 incommutabilia
2024 1911 2379 1975 attendere
2439 1915 2514 1975 et
2575 1913 2943 1977 observare

553 2017 622 2079 et
668 2011 1226 2096 irrefragabiliter
1272 2013 1625 2078 custodire.
1694 2012 2175 2080 Promittentes
2222 2013 2425 2080 etiam
2473 2016 2644 2080 bona
2688 2015 2823 2082 fide
2870 2019 2945 2081 et

556 2135 753 2181 manu
808 2115 1013 2182 tactis
1061 2116 1428 2198 evangeliis
1475 2117 1624 2199 Dei,
1683 2117 2044 2198 praedictis
2114 2122 2233 2182 aut
2296 2137 2519 2184 corum
2585 2118 2788 2185 alicui
2856 2137 2946 2184 ex

554 2219 791 2301 quavis
839 2239 1060 2300 causa,
1107 2220 1455 2286 occasione
1501 2225 1621 2286 aut
1667 2239 1844 2303 casu,
1892 2223 1974 2286 (16
2012 2220 2165 2303 jure
2211 2227 2331 2288 aut
2376 2224 2459 2289 de
2505 2221 2704 2306 facto,
2758 2223 2945 2290 nullo

483 2403 491 2418 ἱ
555 2341 840 2405 unquam
885 2326 1182 2405 tempore
1229 2323 1585 2406 contraire,
1631 2325 2100 2392 renuntiantes
2146 2331 2273 2392 616.
2322 2331 2447 2392 616.

763 2463 913 2529 Α61.
988 2467 1060 2529 et
1132 2463 1268 2528 dat.
1346 2461 1745 2545 Strubingae
1781 2515 1794 2530 .
1828 2514 1887 2532 ..
1955 2463 2024 2530 in
2097 2463 2270 2532 festo
2346 2464 2810 2533 decollationis
2882 2469 2949 2534 b.

555 2567 838 2633 ,Ioannis
883 2568 1080 2648 Bapt.
1124 2586 1182 2633 a.
1231 2566 1308 2632 D.
1360 2572 1545 2634 1336.

766 2704 1268 2794 (Sommeraberq
1294 2706 1345 2772 I.
1367 2706 1513 2772 484.
1535 2746 1620 2755 —
1647 2705 2040 2794 Grilnhaqen
2063 2706 2147 2774 II.
2172 2710 2318 2777 128.
2340 2746 2427 2758 —
2449 2707 2611 2776 Emz.
2633 2708 2681 2772 I
2684 2708 2745 2777 V.
2767 2710 2956 2797 326.)

765 2952 916 3018 127.
971 2950 1431 3039 Hildegerus
1486 2950 1578 3020 de
1637 2950 1970 3021 Nazzow
2030 2950 2108 3018 et
2150 2948 2398 3019 Metza
2464 2950 2949 3022 conthoralis

560 3050 723 3137 ejus
770 3053 1056 3123 curiam
1103 3054 1184 3123 in
1229 3054 1425 3124 villa
1470 3053 1856 3125 Dursdorf
1894 3074 1939 3123 a
1979 3052 2025 3122 J
2034 3071 2274 3121 06666
2306 3072 2492 3140 rege
2523 3053 2603 3124 in
2636 3054 2955 3125 feudum

561 3156 1013 3243 suscipiunt.

1449 3247 1643 3332 1336,
1691 3248 1799 3314 20.
1849 3244 2054 3336 Sept.

763 3380 1022 3469 (Pelzel,
1069 3382 1140 3450 K.
1190 3382 1356 3446 Karl
1401 3384 1511 3450 IV.
1565 3382 1717 3451 Urlt.
1750 3386 1851 3452 18.
1881 3421 1969 3433 —
2008 3381 2189 3471 Chyt.
2248 3384 2399 3471 VII„
2444 3388 2549 3453 90.
2592 3424 2681 3436 —
2726 3386 2954 3454 Emler

561 3488 674 3555 IV.
718 3486 892 3577 329.)
1962 3514 1973 3523 ·

769 3732 918 3799 128.
981 3726 1264 3799 Petitio
1327 3728 1649 3799 ,loannis
1695 3730 1910 3817 regis
1975 3728 2058 3799 16
2124 3750 2356 3803 causa
2424 3735 2955 3809 coronationis

563 3834 878 3921 reginae
923 3833 1296 3903 Boemiae.

1454 3924 1650 4009 1336,
1696 3926 1802 3991 27.
1854 3922 2058 4014 Sept.

767 4060 802 4115 J
807 4076 1012 4115 oannes
1031 4076 1144 4131 rex,
1167 4061 1464 4117 intendens
1490 4062 1745 4131 reginam
1764 4062 2096 4131 Beatricem‚
2124 4065 2501 4119 conthoralem
2528 4080 2703 4136 suam,
2728 4068 2959 4141 Pragae

562 4146 744 4217 regali
795 4147 1110 4203 diademate
1162 4148 1350 4204 facere
1406 4150 1730 4203 solemniter
1785 4151 2050 4219 coronari,
2111 4150 2449 4223 Heinricum,
2511 4152 2661 4207 sedis
2718 4156 2963 4225 Mogun-

563 4236 800 4293 tinensis
837 4236 1326 4307 archiepiscopum,
1367 4237 1597 4291 credens
1635 4252 1759 4290 eum
1794 4245 2026 4306 propter
2074 4239 2298 4309 longam
2336 4240 2575 4295 locorum
2621 4228 2963 4299 distantiam

565 4342 673 4381 non
707 4341 868 4393 posse
907 4324 1248 4379 solemnitati
1289 4325 1665 4379 coronationis
1702 4326 2073 4393 personaliter
2109 4328 2401 4398 interesse,
2440 4334 2624 4398 rogat,
2660 4336 2731 4383 ut.
2762 4338 2961 4388 aucto-
