3288 4973
1570 362 1958 422 -260—

770 566 923 634 248.
968 561 1575 650 Privilegiorum
1620 566 1702 634 et
1744 561 2196 633 libertatum
2241 563 2730 652 episcopatus
2777 561 2949 632 Vra-

572 669 1057 741 tislaviensis
1102 688 1239 756 per
1288 668 1340 739 J
1341 688 1662 740 oannem
1705 687 1966 756 regem
2011 667 2507 739 confirmatio.

1396 812 1593 890 1345,
1638 812 1746 878 13.
1796 809 2154 896 Augusti.

784 979 863 1042 In
888 978 1147 1045 nomine
1173 977 1439 1044 Domini
1461 995 1668 1043 amen.
1709 977 1846 1042 Nos
1881 977 2228 1044 Johannes
2259 979 2320 1042 d.
2355 997 2452 1060 gr.
2485 994 2606 1042 rex
2631 978 2724 1057 Β.,
2751 993 2962 1041 comes

580 1085 671 1166 L,
720 1085 851 1148 dux
900 1081 1160 1148 Sleziae
1206 1101 1285 1148 ac
1334 1081 1635 1148 dominus
1683 1080 2284 1162 Wratislauiensis,
2345 1080 2680 1146 universis
2727 1086 2796 1146 et
2839 1080 2965 1143 sin-

582 1187 753 1270 gulis
799 1191 1193 1268 praesentes
1240 1186 1475 1252 literas
1522 1185 1929 1266 inspecturis
1975 1185 2276 1250 volumus
2323 1203 2470 1250 esse
2513 1192 2758 1264 notum,
2797 1185 2964 1264 quod

582 1294 1199 1360 animadvertentes
1245 1289 1660 1372 perpensius,
1699 1291 1872 1371 quod
1903 1290 2066 1356 licet
2096 1287 2382 1354 omnium
2414 1289 2668 1370 piorum
2703 1306 2965 1371 operum

584 1396 967 1464 Altissimus
1014 1396 1105 1461 sit
1150 1394 1535 1476 retributor,
1582 1413 1664 1460 ea
1705 1401 1945 1478 tamen,
1993 1411 2166 1474 quae
2196 1396 2282 1459 ad
2313 1393 2522 1460 divini
2553 1393 2774 1458 cultus
2805 1391 2969 1458 fiunt

584 1507 1009 1585 augmentum
1058 1501 1127 1565 in
1176 1500 1713 1566 remuneratione
1775 1501 1949 1580 apud
2012 1498 2223 1580 ipsum
2283 1503 2441 1564 sunt
2501 1499 2860 1578 praecipua
2904 1501 2970 1561 et

586 1606 827 1688 priora,
873 1608 954 1671 ob
1003 1604 1459 1670 reverenciam
1507 1604 1634 1670 Dei
1682 1612 1751 1668 et
1797 1621 1884 1670 ss.
1913 1603 2246 1669 Johannis
2281 1603 2353 1667 Β.
2387 1608 2456 1667 et
2485 1601 2817 1668 Johannis
2851 1599 2972 1664 Er.

588 1710 1170 1776 Wratislauiensis
1217 1710 1541 1778 ecclesiae
1590 1715 2042 1792 patronorum,
2088 1727 2252 1789 quos
2299 1707 2577 1790 speciali
2622 1704 2970 1772 devotione

588 1816 913 1882 sincerius
960 1832 1369 1897 veneramur,
1415 1814 1637 1878 omnia
1671 1819 1740 1878 et
1771 1812 2038 1897 singula
2071 1813 2440 1896 privilegia,
2471 1813 2750 1895 gratias,
2780 1810 2970 1874 liber-

590 1927 771 1986 tates
816 1937 897 1984 ac
942 1917 1395 2001 indulgentias
1444 1937 1566 2000 per
1594 1936 2023 1998 quoscunque
2057 1919 2262 1984 duces
2291 1917 2551 1984 Sleziae
2583 1921 2654 1982 et
2684 1914 2974 1981 dominos

594 2023 1205 2100 WratislauienseS‚
1268 2023 1543 2089 comites
1606 2031 1676 2088 et
1737 2025 2039 2106 barones,
2098 2022 2654 2103 praedecessores
2715 2024 2974 2086 nostros

592 2129 852 2208 ibidem,
900 2134 969 2194 et
1016 2145 1137 2208 per
1181 2135 1479 2194 nostiam
1532 2127 1788 2210 regiam
1851 2129 2270 2211 majestatem
2330 2127 2590 2192 domino
2654 2125 2980 2207 episcope,

592 2233 884 2314 capitulo
934 2238 1003 2297 et
1048 2232 1228 2298 'clero
1276 2232 1857 2298 Wratislauiensis
1906 2230 2234 2298 ecclesiae
2281 2248 2635 2299 concessas
2682 2235 2753 2294 et
2781 2230 2979 2294 datas

596 2355 711 2403 seu
759 2353 1077 2402 concessa
1124 2341 1195 2402 et
1240 2337 1420 2417 data,
1466 2341 1653 2401 ratas
1701 2342 1772 2402 et
1818 2341 2050 2418 gratas
2099 2352 2218 2400 seu
2266 2340 2417 2400 rata
2477 2342 2547 2400 et
2609 2338 2809 2419 grata
2867 2332 2983 2398 ha-

596 2442 851 2524 benteS,
898 2458 1013 2506 eas
1062 2445 1131 2505 et
1176 2457 1274 2523 ea,
1309 2439 1758 2522 cujuscunque
1795 2439 2246 2507 continentiae
2280 2446 2349 2506 et
2379 2439 2634 2507 tenoris
2667 2439 2986 2519 existunt,

597 2545 1153 2631 recognoscimus
1231 2545 1640 2627 innovamuS,
1725 2548 2170 2627 approbamus
2246 2554 2316 2610 et
2379 2544 2842 2611 nichilominus
2905 2562 2987 2607 ex

597 2656 828 2717 nostra
896 2654 1085 2715 certa
1150 2649 1434 2716 scientia
1502 2650 1972 2732 praesentibus
2042 2650 2520 2732 confirmamuS,
2589 2650 2716 2715 imo
2784 2648 2990 2714 etiam

600 2774 857 2823 exnunc
906 2756 987 2820 de
1032 2772 1207 2821 novo
1254 2756 1337 2818 de
1384 2754 1802 2834 benignitate
1849 2753 2034 2835 regia
2081 2754 2406 2836 praefatis
2454 2756 2619 2819 dom.
2675 2752 2988 2836 episcopo

599 2868 669 2925 et
714 2856 1026 2940 capitulo,
1072 2859 1249 2924 clero
1298 2863 1368 2922 et
1414 2858 1864 2940 singularibus
1913 2859 2214 2939 personis
2265 2858 2589 2924 ecclesiae
2639 2858 2990 2923 Wratisla-

600 2962 870 3047 uiensiS,
944 2962 1406 3047 dignitatibuS,
1475 2964 2079 3044 personatibusque
2157 2964 2469 3047 ejusdem,
2545 2964 2612 3027 in
2689 2962 2992 3029 omnibus

604 3068 793 3135 bonis
840 3085 1081 3150 eorum,
1142 3066 1321 3133 villis
1370 3072 1440 3133 et
1484 3067 1749 3133 allodiis
1811 3086 1956 3134 cum
2021 3069 2159 3133 suis
2216 3067 2661 3149 pertinentiis,
2725 3072 2798 3133 et
2843 3086 2994 3149 spe-

604 3171 869 3239 cialiter
899 3177 969 3237 et
1000 3171 1389 3239 nominatim
1422 3172 1488 3238 in
1520 3172 1700 3240 villis
1728 3172 2022 3254 episcopi
2057 3174 2342 3257 (nomina
2363 3172 2720 3258 vicem-um),
2745 3190 2992 3237 meram

605 3278 865 3358 plenam
914 3282 985 3342 et
1030 3276 1466 3342 omnimodam
1512 3276 1582 3341 in
1612 3276 1743 3341 hiis
1777 3277 2048 3359 scriptis
2080 3276 2455 3343 liberaliter
2471 3276 2749 3343 divinae
2781 3295 2998 3343 remu·

605 3380 971 3446 nerationis
1004 3380 1085 3445 ob
1111 3386 1489 3462 respectum
1523 3381 1860 3465 donamuS,
1893 3381 2212 3464 largimur
2243 3394 2314 3447 et
2345 3381 2766 3447 concedimus
2793 3380 2995 3447 liber-

607 3490 832 3566 tatem,
876 3483 1079 3549 nichil
1104 3483 1363 3550 omnino
1389 3484 1579 3550 nobis
1604 3484 1986 3565 nostrisque
2011 3486 2367 3551 heredibus
2403 3490 2473 3549 et
2497 3486 2997 3551 successoribus

600 3589 792 3673 juris
828 3587 1337 3672 jurisdictionis»,
1385 3606 1626 3654 census
1659 3595 1779 3653 aut
1809 3589 2161 3655 servitutis
2197 3589 2514 3671 deinceps
2547 3598 3001 3655 reservantes

816 3692 1181 3759 Praeterea
1227 3688 1309 3759 d‘e
1356 3693 1613 3773 pietate
1670 3695 1854 3775 regia
1913 3693 2212 3776 gratiose
2274 3694 2574 3761 favemus
2635 3700 2706 3759 et
2766 3712 2999 3761 conce·

611 3799 823 3863 dimus
870 3797 1033 3863 dom.
1080 3796 1411 3879 episcope,
1457 3797 1749 3880 capitulo
1797 3804 1866 3863 et
1913 3798 2362 3881 singularibus
2419 3798 2721 3880 personis
2786 3798 3002 3865 Wrat.

588 3902 941 3995 ‚ecclesiae
988 3902 1355 3983 praedictis
1402 3908 1471 3968 et
1518 3902 2037 3985 successoribus
2084 3902 2195 3983 qui
2241 3924 2358 3985 pro
2409 3910 2702 3984 tempore
2748 3902 3004 3969 fuerint

616 4007 987 4088 eorundem,
1034 4006 1207 4085 quod
1256 4024 1375 4071 sua
1421 4004 1668 4072 allodia
1713 4005 1781 4071 in
1839 4008 2040 4073 terris
2101 4008 2350 4073 nostris
2413 4008 2564 4091 sita,
2625 4026 2744 4087 pro
2809 4014 3002 4089 parte

616 4113 723 4177 vel
770 4111 838 4177 in
881 4114 1045 4191 toto,
1091 4109 1160 4175 in
1205 4110 1402 4176 villas
1450 4111 1898 4177 theutunicali
1935 4110 2104 4203 jnre
2142 4112 2366 4178 locare
2413 4117 2483 4177 et
2529 4130 2880 4194 exponere,
2935 4116 3006 4177 et

617 4235 652 4282 e
700 4232 1020 4282 converso
1082 4214 1280 4281 villas
1326 4215 1396 4280 in
1440 4214 1687 4281 allodia
1741 4217 2049 4299 redigere
2095 4221 2214 4282 aut
2259 4218 2580 4282 reducere
2630 4217 2891 4297 possint
2938 4220 3005 4280 et

618 4322 905 4401 valeant,
950 4324 1148 4401 prout
1193 4318 1358 4400 ipsis
1404 4320 1514 4386 vel
1558 4339 1782 4386 eorum
1847 4322 2046 4387 alicui
2105 4320 2420 4403 expedire
2481 4320 2823 4388 videbitur
2881 4338 2999 4400 pro
