3288 4973
306 4 634 41 -πῑμ-ἾΙἸ·
677 4 700 7 “”
731 4 818 7 ''n'’
855 4 892 6 “-
969 4 974 6 '

1364 334 1850 417 -511-——'

358 569 593 619 ronum
664 558 737 619 et
800 572 1145 636 procerum
1213 554 1357 637 ejus
1424 558 1788 623 accedente
1867 554 2165 638 consili0,
2232 556 2313 621 de
2380 559 2568 621 certa
2629 571 2750 621 sua

352 656 662 739 scientia,
706 659 1171 727 serenissimae
1220 661 1508 743 principi
1551 668 1621 728 et
1673 662 1996 743 dominae,
2047 660 2351 728 dominae
2381 657 2753 741 Elisabeth,

353 760 802 828 Romanorum
845 760 1271 845 Imperatrici
1317 781 1577 848 semper
1619 770 1945 848 augustae
1984 768 2057 830 et
2097 762 2408 830 Boemiae
2453 761 2752 845 reginae,

356 864 610 931 illustri
673 866 1007 948 legitimae
1073 886 1236 937 suae
1303 870 1619 951 consorti,
1687 870 1989 937 dominae
2055 872 2328 935 nostrae
2395 866 2752 947 gratiosae,

350 969 708 1036 civitatem
780 976 1075 1037 nostram
1153 974 1565 1056 praedictam
1632 992 1780 1039 cum
1849 972 2054 1039 certis
2120 971 2274 1039 aliis
2341 970 2752 1053 civitatibuS,

355 1092 533 1155 qnae
578 1075 657 1158 in,
692 1074 941 1142 litteris
972 1076 1265 1143 eiusdem
1299 1078 1546 1145 domini
1585 1078 1799 1144 nostri
1831 1082 2310 1159 expressantur
2342 1074 2750 1156 distinctius,

350 1197 505 1245 cum
538 1180 841 1247 omnibus
882 1181 1209 1263 censibnS,
1252 1182 1601 1265 reditibus,
1622 1181 1973 1265 fructibuS,
1997 1180 2426 1261 utilitatibus,
2455 1179 2752 1263 judiciis,

356 1282 665 1349 dominiis
711 1288 783 1351 et
824 1283 1157 1352 universis
1202 1286 1630 1367 pertinentiis
1678 1287 1835 1370 suiS,
1880 1286 1947 1353 in
1994 1284 2498 1366 quibuscunque
2546 1286 2749 1351 rebus

350 1388 754 1470 consistant,
812 1388 1054 1469 quibus
1122 1390 1325 1457 etiam
1384 1392 1759 1459 nominibus
1820 1391 2094 1458 valeant
2157 1386 2505 1473 appellari,
2566 1387 2748 1455 nullo

353 1492 629 1573 penitus
675 1498 978 1577 excepto,
1035 1494 1107 1562 in
1164 1511 1414 1577 verum,
1470 1496 1724 1580 ¹iustum
1789 1500 1858 1561 et
1917 1494 2294 1561 ordinatum
2355 1491 2748 1575 dotalitium,

356 1597 537 1663 sicut
582 1596 1036 1665 dotalitiorum
1067 1598 1461 1681 reginalium
1484 1602 1643 1683 jura
1674 1601 2060 1682 deposcunt,
2109 1599 2197 1664 ad
2227 1602 2528 1678 tempora
2560 1596 2744 1664 vitae

352 1699 567 1781 ipsius
613 1700 917 1767 dominae
962 1707 1236 1767 nostrae
1281 1704 1672 1784 praedictae
1721 1703 1924 1784 dedit,
1971 1700 2258 1769 contulit
2315 1706 2388 1781 et
2447 1698 2749 1781 donavit,

356 1804 567 1870 modis
614 1809 684 1870 et
731 1804 1223 1873 conditionibus
1284 1806 1461 1874 infra
1518 1806 1813 1889 scriptis,
1870 1805 2219 1873 videlicet:
2281 1806 2456 1886 quod
2515 1805 2746 1869 eadem

350 1908 787 1975 serenissima
850 1908 1162 1993 princeps
1210 1915 1280 1978 et
1323 1911 1590 1978 domina
1653 1918 1886 1977 nostra
1931 1916 2001 1977 et
2043 1927 2168 1976 nos
2228 1926 2377 1977 cum
2435 1927 2516 1975 ea
2571 1906 2747 1973 simi-

352 2012 513 2079 liter
558 2018 791 2079 nostro
834 2014 1096 2081 domino
1142 2015 1287 2097 regi
1332 2014 1664 2094 Boemiae,
1707 2015 1820 2098 qui
1866 2032 1986 2096 pro
2019 2020 2317 2097 tempore
2347 2012 2570 2095 fuerit,
2600 2017 2747 2077 tota

357 2115 685 2199 potentia,
744 2116 923 2183 omni
964 2118 1095 2185 fide
1142 2125 1212 2185 et
1255 2118 1607 2204 diligentia
1651 2120 1978 2185 adversus
2022 2118 2354 2199 quoslibet
2397 2117 2746 2184 invasores

358 2220 550 2301 regni
606 2224 677 2286 et
722 2236 1007 2288 coronae
1070 2221 1384 2289 Boemiae
1448 2224 1517 2288 in
1578 2223 2033 2306 procurandis,
2097 2221 2603 2289 manutenendis
2667 2238 2748 2287 ac

352 2322 787 2390 defensandis
810 2325 1091 2409 jnribuS,
1123 2327 1495 2411 commodiS,
1528 2327 1934 2409 profectibus
1967 2337 2038 2393 et
2066 2326 2425 2394 honoribus
2450 2326 2747 2394 eiusdem

357 2427 547 2512 regni
595 2433 668 2494 et
708 2446 995 2498 coronae
1040 2432 1297 2514 pariter
1342 2434 1699 2501 debeamus
1743 2433 2086 2514 assistere,
2132 2449 2212 2500 ac
2258 2431 2388 2515 ipsi
2433 2431 2747 2500 Boemiae

361 2531 526 2615 regi,
572 2533 834 2600 domino
875 2542 1125 2620 nostr0,
1153 2535 1353 2603 nullis
1386 2555 1675 2618 unquam
1706 2537 2114 2618 temporibus
2150 2537 2519 2621 adversari,
2547 2539 2750 2618 quod·

352 2654 487 2716 que
532 2638 835 2704 dominus
881 2646 1111 2707 noster
1158 2659 1277 2708 rex
1325 2641 1649 2724 Boemiae,
1680 2643 1794 2724 qui
1824 2662 1944 2726 pro
1975 2648 2272 2725 tempore
2303 2642 2524 2724 fuerit,
2557 2661 2746 2725 prae·

354 2739 569 2808 fatam
616 2743 1108 2811 serenissimam
1156 2747 1517 2828 principem
1567 2747 1898 2814 dominam
1941 2753 2258 2815 teneatur
2302 2752 2373 2814 et
2403 2749 2647 2814 debeat
2676 2748 2747 2814 in

359 2846 735 2914 huiusmodi
794 2866 913 2915 suo
966 2849 1275 2917 dotalitio
1320 2858 1463 2919 tam
1506 2853 1577 2918 in
1623 2853 1904 2919 civitate
1949 2857 2184 2920 nostra
2229 2870 2424 2933 quam
2470 2850 2541 2918 in
2585 2851 2750 2918 locis

350 2949 532 3034 aliis,
578 2952 693 3018 ubi
738 2953 861 3019 hoc
899 2954 1096 3038 juxta
1141 2954 1414 3022 formam
1463 2955 1804 3022 literarum
1851 2956 2100 3023 domini
2142 2958 2355 3024 nostri
2399 2957 2750 3040 praedicti,

354 3055 490 3122 sibi
535 3056 783 3138 datum,
828 3057 1141 3124 collatum
1188 3064 1259 3124 et
1302 3059 1713 3144 assignatum
1756 3061 1899 3128 fore
1948 3061 2378 3144 dignoscitur,
2408 3066 2552 3128 toto
2583 3065 2749 3127 tem-

357 3177 521 3240 pore
566 3161 753 3226 vitae
784 3161 927 3228 eius
960 3164 1263 3231 dominae
1294 3170 1565 3232 nostrae
1597 3167 1882 3249 benigne
1914 3167 2258 3249 magnifico
2291 3173 2364 3232 et
2391 3165 2750 3232 favorabili

356 3263 732 3346 patrocinio
777 3264 1148 3352 defensare,
1180 3285 1395 3350 neque
1438 3269 1651 3338 eidem
1683 3271 1986 3338 dominae
2021 3277 2296 3339 nostrae
2328 3268 2632 3354 injuriam
2667 3288 2748 3336 ac

362 3367 749 3435 violentiam
795 3370 867 3435 in
911 3387 989 3438 eo
1033 3369 1263 3439 facere
1306 3391 1425 3440 seu
1469 3373 1751 3443 facienti
1797 3374 2194 3458 consentire,
2240 3377 2404 3441 dare
2453 3373 2564 3441 vel
2595 3390 2747 3440 con-

348 3473 604 3539 cedere
628 3491 899 3557 operam
921 3477 1031 3543 vel
1054 3477 1386 3559 favorem3
1416 3479 1513 3545 sic
1536 3489 1780 3562 tamen,
1813 3483 1982 3561 quod
2014 3498 2164 3548 mox
2193 3479 2511 3548 defuncta
2543 3497 2750 3562 supra

352 3576 545 3642 dicta
590 3577 1017 3647 serenissima
1061 3581 1324 3648 domina
1367 3589 1603 3676 nostra
1649 3602 1871 3651 omnes
1920 3585 2255 3669 civitateS,
2298 3590 2546 3667 castra,
2600 3585 2751 3649 red-

353 3679 561 3764 ditus,
607 3688 971 3764 proventus
1019 3691 1091 3752 et
1134 3687 1589 3769 pertinentiae
1633 3689 1791 3756 talis
1823 3689 2133 3773 dotalitii,
2163 3694 2238 3755 ut
2272 3688 2754 3772 praemittitur,

356 3787 445 3851 ad
491 3786 827 3853 dominum
872 3794 1171 3856 nostrum
1219 3809 1442 3874 regem
1488 3793 1820 3877 Boemiae,
1866 3794 1979 3875 qui
2025 3811 2146 3876 pro
2191 3799 2489 3876 tempore
2527 3793 2752 3875 fuerit,

356 3891 613 3970 absque
639 3891 1107 3973 impedimento
1140 3912 1260 3962 seu
1291 3895 1693 3964 difficultate
1725 3899 2023 3978 qualibet
2052 3899 2266 3966 libere
2297 3903 2751 3967 revertantur.

358 3991 567 4074 Sique
608 4000 767 4077 post
810 3998 1061 4065 obitum
1104 4001 1398 4081 praefati
1430 4003 1839 4070 serenissimi
1879 4002 2203 4086 principis
2235 4003 2483 4070 domini
2513 4004 2750 4086 nostri,

356 4097 799 4181 Imperatoris
845 4107 916 4168 et
960 4103 1271 4172 Boemiae
1318 4107 1497 4189 regis
1546 4107 1767 4192 (quem
1797 4107 1984 4174 Deus
2017 4107 2431 4191 omnipotens
2463 4107 2752 4190 benigna

354 4221 483 4270 sua
506 4204 968 4276 misericordia
983 4209 1052 4276 in
1068 4210 1393 4292 longaeva
1406 4211 1706 4280 sanitate
1723 4213 2062 4280 custodire
2081 4213 2422 4299 dignetur)
2439 4211 2752 4294 praefata

358 4308 627 4377 domina
689 4315 925 4379 nostra
992 4313 1397 4397 Imperatrix
1461 4322 1532 4383 et
1591 4317 1906 4385 Boemiae
1973 4317 2207 4400 regina
2272 4319 2358 4384 ad
2418 4319 2750 4386 secundas
