3288 4973
1502 435 1891 496 -556—

479 634 682 702 nobis
729 640 800 701 et
845 636 1348 704 successoribus
1393 636 1647 703 nostris
1694 642 1765 703 et
1810 637 2099 704 fatemur
2144 644 2377 704 tenore
2432 639 2887 719 praesentium

487 739 826 807 universis
858 746 996 806 tam
1020 740 1490 824 praesentibus
1523 759 1722 822 quam
1755 742 2159 824 posteritati,
2192 743 2368 823 quod
2399 744 2457 809 b.
2490 762 2571 809 m.
2605 742 2889 809 illustris

488 842 822 928 princeps,
865 846 927 909 d.
973 844 1332 912 Heinricus
1381 845 1532 912 olim
1580 847 1713 912 dux
1762 847 1902 913 Wr.
1947 856 2179 913 sextus
2228 852 2297 913 et
2345 846 2639 931 ultimus,
2684 846 2797 927 qui
2844 865 2886 912 a

485 948 702 1029 prima
747 946 1138 1015 fundatione
1176 948 1592 1016 hereditaria
1623 968 1665 1014 a
1697 948 1837 1014 suis
1870 951 2413 1033 progenitoribus
2446 950 2693 1017 dictam
2726 950 2887 1017 civi-

481 1056 702 1117 tatem
747 1057 817 1117 et
865 1054 1176 1120 ducatum
1224 1052 1364 1120 Wr.
1401 1054 1605 1137 juste,
1651 1052 1801 1135 rite,
1845 1054 2343 1121 rationabiliter
2389 1060 2460 1120 el,
2490 1054 2699 1121 libere
2732 1072 2881 1137 pos-

487 1156 688 1238 sedit,
765 1156 1012 1224 dictam
1080 1155 1425 1224 civitatem
1494 1162 1564 1223 et
1631 1159 1943 1225 ducatum
2013 1159 2363 1243 magnifico
2440 1159 2741 1242 principi,
2819 1161 2880 1225 d.

471 1259 736 1327 ..Ioanni
785 1260 932 1343 regi
976 1260 1068 1344 B.,
1115 1278 1319 1345 regno
1367 1268 1436 1327 et
1483 1280 1767 1327 coronae
1814 1260 2110 1344 ejusdem
2153 1264 2361 1345 regni,
2408 1281 2661 1330 necnon
2692 1264 2879 1329 here·

475 1361 682 1430 dibus
731 1369 800 1431 et
843 1366 1346 1431 successoribus
1393 1365 1554 1448 suiS,
1600 1365 1870 1449 regibus
1918 1364 2009 1449 B„
2056 1367 2206 1450 rite,
2256 1366 2751 1433 rationabiliter
2810 1372 2879 1433 et

469 1467 766 1551 juridice
820 1468 1117 1552 donavit,
1175 1488 1295 1552 per
1353 1488 1466 1535 eos
1526 1470 1871 1551 perpetuis
1932 1470 2338 1553 temporibus
2398 1471 2607 1538 libere
2668 1470 2877 1553 possi·

461 1572 783 1639 dendum.
826 1572 1088 1640 Idcirco
1136 1574 1692 1657 recognoscimus,
1734 1573 1951 1641 dictos
2000 1593 2195 1657 reges
2245 1576 2301 1641 B
2366 1593 2517 1641 esse
2565 1592 2759 1642 veros
2809 1580 2877 1642 et

459 1675 810 1757 legitimos
857 1676 1152 1745 dominos
1199 1678 1500 1745 civitatis
1545 1683 1616 1745 et
1663 1680 1948 1745 ducatus
1998 1680 2135 1746 Wr.
2185 1678 2696 1761 praedictorum.

689 1796 770 1863 In
812 1800 1006 1883 cujus
1052 1849 1067 1865 .
1115 1850 1130 1865 .
1181 1850 1195 1863 .

685 1953 927 2019 D'atum
977 1955 1475 2039 Wratislaviae,
1521 1956 1777 2023 decima
1823 1956 2105 2039 septima
2148 1956 2256 2024 die
2289 1957 2534 2023 mensis
2570 1957 2864 2041 Augusti

466 2074 535 2121 a.
587 2056 666 2123 D.
729 2062 913 2124 1367.

681 2210 802 2295 (A.
849 2209 944 2281 K.
991 2248 1079 2262 --
1123 2210 1316 2280 Aroh.
1361 2211 1427 2275 S.
1493 2211 1699 2279 Wonc.
1744 2246 1832 2263 —-
1876 2212 2269 2299 Griinhayen
2314 2214 2366 2277 Ι.
2425 2214 2551 2295 75.)

675 2506 824 2574 583.
904 2505 1318 2593 Episcopus
1396 2459 2037 2578 Vratislaviensis
2104 2525 2274 2578 cum
2334 2508 2674 2596 capitulo
2747 2529 2862 2580 re-

449 2607 779 2695 signant
811 2608 1122 2695 juribus
1169 2609 1334 2680 suis
1380 2610 1464 2680 in
1507 2609 1792 2682 ducatu
1844 2611 2465 2684 Vratislaviensi.

1286 2751 1480 2834 1367,
1525 2753 1633 2819 17.
1682 2748 2043 2837 Augusti.

673 2901 926 2972 Biskupa
1000 2904 1462 2960 Vratislavskeho
1523 2923 1556 2960 a
1616 2905 1871 2974 kapitoly
1942 2907 2202 2962 odei-ceni
2274 2909 2690 2974 spravedlnosti
2758 2911 2855 2964 sve

458 3004 544 3044 na
579 2989 882 3044 Vratislav.

668 3126 795 3182 List
853 3128 1123 3184 Preclava
1187 3128 1421 3198 biskupa
1482 3148 1517 3185 a
1577 3130 1832 3197 kapitoly
1895 3129 2006 3198 Vr..
2062 3138 2128 3186 ze
2180 3147 2253 3186 na
2313 3135 2490 3188 mesto
2551 3135 2843 3191 Vratislav

440 3213 704 3282 zidnych
742 3215 880 3272 listii
917 3217 1120 3284 nemaji
1157 3233 1191 3271 a
1220 3217 1522 3287 jestlizeby
1563 3225 1746 3284 potom
1784 3217 2009 3272 nekteii
2044 3219 2299 3275 nalezeni
2338 3220 2471 3289 byli,
2522 3227 2587 3276 ze
2636 3223 2843 3290 nemaji

450 3300 636 3356 ndns
673 3302 814 3358 moci
852 3302 1024 3358 mieti.

551 3509 556 3514 .
666 3443 746 3510 In
793 3444 1052 3511 nomine
1097 3445 1362 3511 Domini
1406 3465 1612 3512 amen.
1666 3445 1801 3512 Nos
1842 3445 2201 3512 Preczlaus
2234 3447 2315 3512 D.
2348 3468 2445 3532 gr.
2476 3451 2846 3533 episcopus,

443 3547 522 3613 J.
582 3548 664 3612 de
727 3547 797 3614 P.
861 3549 1302 3630 praepositus,
1361 3551 1479 3614 Th.
1543 3553 1855 3633 decanus,
1915 3551 1979 3616 S.
2030 3550 2442 3626 scolasticus.
2504 3559 2845 3636 totumque

445 3649 820 3731 capitulum
867 3651 1196 3718 ecclesiae
1245 3652 1842 3720 wratislaviensis,
1890 3661 2122 3721 tenore
2169 3656 2617 3736 praesentium
2652 3657 2842 3740 profi-

453 3759 673 3820 temur
737 3755 1086 3838 universis,
1157 3757 1328 3836 quod
1389 3757 1548 3823 licet
1607 3757 1695 3823 ad
1762 3755 2266 3825 invictissimum
2338 3760 2703 3844 principem
2774 3767 2843 3829 et

441 3857 788 3925 dominum
849 3864 1168 3941 nostrum,
1229 3861 1288 3925 d.
1351 3859 1665 3926 Kar-olum
1730 3861 1913 3928 Rom.
1974 3861 2136 3942 Imp.
2196 3881 2246 3928 s,
2309 3882 2367 3928 a.
2416 3870 2487 3929 et
2532 3865 2841 3933 Boemiae

433 3980 694 4046 regem,
768 3964 1052 4044 quadam
1131 3968 1315 4029 esset
1389 3963 1718 4032 relatione
1808 3966 2177 4049 deductum,
2266 3969 2445 4048 quod
2522 3974 2838 4050 quasdam

441 4065 701 4151 literaS,
751 4067 1002 4133 virtute
1050 4085 1326 4148 quarum
1365 4070 1477 4153 jus
1522 4069 1715 4137 nobis
1761 4075 1833 4137 et
1877 4069 2207 4136 ecclesiae
2246 4073 2462 4151 quoad
2496 4073 2834 4142 civitatem

438 4171 664 4238 Wrat.
713 4178 1141 4256 competeret,
1191 4175 1620 4240 haberemus:
1684 4193 1801 4241 nos
1850 4180 2073 4241 tamen
2122 4177 2289 4242 haec
2338 4177 2557 4243 omnia
2604 4179 2833 4246 tollere

423 4274 812 4358 cupienteS,
859 4289 1092 4341 tenore
1124 4276 1579 4356 praesentium
1621 4277 1881 4356 publice
1914 4283 2451 4360 recognoscimus
2484 4282 2831 4364 universis,

429 4377 658 4443 nullas
705 4397 825 4444 nos
879 4378 1049 4445 tales
1112 4378 1428 4445 habuisse
1491 4397 1615 4444 nec
1681 4380 1931 4447 habere
1992 4381 2227 4449 literas
2288 4401 2495 4466 super
2556 4386 2829 4456 civitate
