3288 4973
1330 377 1722 438 -145—

355 571 500 645 quod
548 575 855 639 attentae
896 575 1453 644 considerationis
1500 578 1710 646 oculis
1756 579 2098 646 intuentes
2141 599 2220 646 ac
2267 583 2714 664 ponderantes

350 671 631 760 sollicite,
680 685 927 757 quanto
988 679 1401 749 sinceritatis
1462 689 1533 748 et
1590 683 1959 767 legalitatis
2019 684 2286 751 vinculo
2343 686 2711 770 magnificis

352 779 755 866 principibus,
840 784 1119 851 dominis
1208 787 1491 854 Alberto
1568 795 1637 853 et
1713 787 1942 856 Ottoni
2018 788 2298 856 ducibus
2373 791 2709 874 Austriae,

348 881 593 966 Styx-iae
636 895 707 953 et
753 887 1167 972 Karintffiae,
1212 891 1521 958 affinibus
1554 892 1804 960 nostris
1837 893 2220 974 carissimiS,
2259 893 2710 977 astringimur,

348 988 675 1068 cupientes
762 1012 1022 1075 quoque
1110 999 1441 1064 terrarum
1515 1005 1894 1064 nostrarum
1971 999 2156 1080 pacis
2231 998 2710 1080 tranquillitati

344 1096 401 1156 et
450 1094 823 1175 quietudini
880 1097 1309 1180 imposterum
1376 1103 1746 1185 providere,
1813 1121 1932 1183 pro
2001 1103 2190 1168 nobis
2255 1121 2334 1169 ac
2401 1101 2707 1168 omnibus

344 1195 677 1266 heredibus
744 1209 815 1266 et
880 1204 1375 1271 successoribus
1451 1207 1718 1288 nostris,
1795 1212 1864 1272 et
1932 1205 2316 1288 specialiter
2382 1224 2500 1287 pro
2567 1204 2708 1270 filio

341 1309 548 1370 nostro
592 1305 871 1388 Joanne‚
917 1325 1041 1374 nec
1074 1326 1203 1374 non
1236 1311 1582 1390 praeclara
1614 1309 2050 1393 Margaretha
2090 1310 2462 1376 conthorali
2491 1310 2702 1390 ipsius

342 1426 407 1474 ac
464 1427 691 1476 sorore
760 1413 1071 1495 ejusdem,
1146 1411 1409 1480 filiabus
1484 1414 1814 1496 magnifici
1885 1414 2224 1497 principis,
2296 1416 2355 1479 d.
2424 1413 2702 1480 Hem-ici

338 1517 641 1592 quondam
688 1514 876 1582 ducis
922 1515 1321 1584 Karinthiae
1368 1521 1437 1584 et
1480 1519 1740 1584 comitis
1787 1517 2050 1600 Tyrolis
2085 1521 2297 1584 bonae
2331 1517 2704 1594 memoriae,

340 1620 783 1686 renunciamus
830 1637 1147 1700 expresse
1191 1621 1364 1688 omni
1402 1623 1541 1706 juri
1587 1630 1658 1689 et
1705 1621 1972 1706 actioni,
2019 1621 2076 1688 si
2122 1624 2298 1706 quod
2340 1621 2448 1687 vel
2479 1621 2536 1686 si
2569 1639 2702 1700 qua

340 1722 507 1788 nobis
550 1729 671 1790 aut
716 1725 917 1792 dictis
962 1725 1319 1792 heredibus
1366 1732 1435 1792 et
1481 1727 1980 1794 successoribus
2025 1726 2276 1792 nostris
2326 1726 2434 1794 vel
2467 1742 2694 1790 eorum

339 1825 517 1892 alteri
564 1829 631 1893 in
661 1829 912 1895 ducatu
944 1829 1361 1913 Karinthiae,
1398 1831 1601 1898 terris
1647 1831 2024 1898 Carnioliae
2069 1836 2140 1896 et
2187 1827 2547 1910 Marchiae‚
2595 1827 2702 1894 vel

340 1945 539 1997 eorum
596 1933 860 2016 juribus
922 1951 1043 2000 seu
1106 1935 1531 2018 pertinentiis
1600 1935 2106 2016 quibuscunque
2167 1933 2275 2000 vel
2335 1935 2420 1999 ad
2481 1951 2562 1998 ea
2618 1950 2701 1997 ex

340 2037 677 2104 traditione
722 2039 1093 2120 supradicti
1139 2039 1324 2105 ducis
1378 2037 1784 2122 Karinthiae,
1817 2039 2190 2120 collatione,
2230 2037 2700 2117 infeodatione‚
2809 2081 2817 2090 ·

340 2142 811 2209 confirmatione
857 2161 1392 2223 quorumcunque
1439 2143 1922 2224 Imperatorum
1969 2144 2076 2210 vel
2122 2159 2365 2226 regum,
2408 2148 2526 2208 aut
2558 2160 2702 2208 suc-

339 2247 613 2313 cessione
650 2245 825 2328 juris
879 2247 1271 2313 hereditarii
1324 2251 1441 2314 aut
1501 2247 1904 2330 obligatione
1965 2265 2380 2328 quacumque
2441 2265 2694 2328 compe-

334 2349 547 2416 tebant
605 2351 713 2416 vel
773 2357 1150 2433 competere
1218 2357 1529 2432 poterant
1590 2351 1828 2432 quovis
1898 2353 2104 2434 mod0‚
2169 2351 2375 2418 salvis
2431 2351 2692 2430 quidem

337 2455 512 2539 terra,
555 2454 799 2523 castris
845 2460 914 2522 et
960 2455 1149 2523 bonis
1196 2462 1267 2521 et
1312 2455 1733 2522 districtibus
1781 2456 1960 2523 ultra
2007 2454 2520 2522 Sachsenburch
2569 2461 2694 2521 etc..

430 2567 437 2575 ’
522 2560 599 2626 In
648 2562 837 2644 cujus
888 2560 987 2627 rei
1033 2564 1157 2625 etc.

523 2700 667 2765 Act.
714 2704 785 2765 et
828 2700 964 2766 dat.
1011 2699 1078 2765 in
1128 2699 1312 2765 Ensa
1359 2718 1417 2764 a.
1464 2699 1543 2764 D.
1598 2704 1782 2783 1336,
1827 2700 1896 2765 in
1944 2699 2050 2765 die
2098 2701 2156 2765 b.
2202 2698 2528 2781 Dionysii.

522 2836 732 2925 (Oa-iq.
763 2838 938 2905 arch.
968 2836 1100 2905 aul.
1144 2838 1326 2903 Vind.
1356 2874 1442 2886 —
1476 2834 1700 2923 Chytil
1745 2836 1871 2906 VH.
1905 2824 2061 2903 1351
2082 2876 2168 2887 —
2199 2836 2361 2905 Emi.
2386 2836 2500 2903 IV.
2523 2838 2698 2923 337.)

520 3028 664 3096 131.
733 3024 1105 3095 Albertus
1172 3028 1251 3094 et
1302 3025 1503 3110 Otto,
1550 3024 1782 3095 duces
1829 3026 2217 3111 Austriae,
2260 3026 2568 3117 Styriae
2615 3031 2694 3098 et

344 3122 785 3240 berinthum,
850 3128 897 3199 J
904 3130 1131 3199 oanni
1196 3129 1366 3217 regi
1432 3129 1894 3217 promittunt
1915 3130 2577 3218 ,disbrigationem
2621 3135 2702 3201 et

344 3246 409 3295 m
450 3252 699 3305 manus
747 3234 1239 3306 traditionem
1288 3234 1525 3304 castri
1574 3233 2143 3306 Luntenburch.

1247 3358 1443 3441 1336,
1489 3362 1553 3429 9.
1574 3350 1581 3355 ’
1603 3357 1765 3428 Oct.

522 3500 650 3567 Nos
709 3501 1035 3567 Albertus
1097 3512 1168 3565 et
1231 3498 1409 3582 Otto,
1466 3500 1547 3565 D.
1608 3518 1704 3583 gr.
1762 3502 1964 3566 duces
2025 3497 2360 3577 Austriae,
2423 3497 2692 3578 Styriae

344 3600 401 3659 et
437 3600 823 3687 Quintiliae,
871 3610 1100 3671 tenore
1149 3604 1600 3684 praesentium
1650 3605 2050 3687 profitemur,
2098 3604 2269 3681 quod
2317 3602 2470 3681 quia
2519 3602 2695 3667 inter

343 3702 610 3775 unionem
656 3716 729 3777 et
774 3706 1187 3775 amicabilem
1234 3707 1776 3788 compositionem
1824 3706 2000 3773 inter
2045 3705 2464 3789 magnificum
2515 3706 2692 3786 prin-

344 3801 540 3895 cillem,
562 3813 889 3881 dominum
912 3810 959 3877 J
962 3829 1258 3892 oannem,
1284 3811 1357 3877 B.
1382 3829 1626 3895 regem,
1654 3812 1914 3879 affinem
1940 3822 2240 3878 nostrum
2265 3808 2696 3893 carissimum,

342 3920 411 3973 ex
450 3930 582 4003 una,
624 3923 697 3985 et
742 3936 863 3984 nos
910 3934 1031 3998 pro
1077 3922 1271 3996 parte
1317 3915 1535 3981 altera
1568 3916 1673 3982 his
1707 3917 1941 3983 diebus
1975 3913 2271 3998 proxime
2305 3913 2696 3994 praeteritis

342 4004 565 4104 factam,
590 4022 805 4089 eidem
836 4019 1097 4085 domino
1130 4018 1275 4101 regi
1308 4019 1613 4087 duximus
1644 4020 1924 4087 firmiter
1959 4020 2490 4101 promittendum,
2523 4019 2693 4097 quod

339 4112 444 4180 sibi
483 4130 547 4190 et
581 4124 941 4193 heredibus
974 4122 1111 4187 suis
1146 4126 1437 4189 castrum
1469 4125 1946 4191 Luntenburch
1979 4144 2019 4189 a
2048 4126 2197 4190 nob.
2231 4124 2372 4191 viro
2411 4120 2690 4187 Alberto

337 4214 403 4280 <le
439 4220 943 4307 Rauchensteim
980 4224 1169 4291 'fideli
1210 4233 1460 4312 nosti-0,
1508 4230 1684 4296 infra
1731 4230 1885 4295 hinc
1932 4238 2002 4293 et
2043 4232 2101 4294 b.
2135 4227 2412 4293 Martini
2443 4226 2685 4291 festum

338 4326 591 4403 proxime
648 4333 1005 4418 affuturum
1066 4332 1443 4421 disbrigare
1502 4333 1882 4401 tenebimur
1945 4340 2014 4399 et
2060 4334 2126 4399 in
2172 4332 2379 4413 ipsius
2443 4330 2684 4397 domini

415 4460 551 4515 Codex
574 4478 655 4529 fur.
690 4475 791 4516 boia
824 4474 877 4515 u.
912 4480 947 4514 1.
2417 4454 2480 4505 10
