3288 4973
1376 333 1719 395 ...53-

537 540 652 606 57.
699 537 897 607 Unio
946 538 1148 608 inter
1193 537 1560 606 Joannem
1589 555 1850 624 regem
1882 534 2233 604 Boemiae
2265 536 2343 602 et
2370 533 2735 603 Poloniae

355 641 422 707 et
461 640 820 712 Cal-olum
863 662 1124 730 regem
1169 641 1575 730 [lug-ariae.

1235 791 1430 874 1327,
1475 789 1582 858 13.
1630 787 1851 858 Febr.

557 961 692 1029 Nos
738 964 1018 1030 Carolus
1061 964 1142 1029 D.
1189 984 1287 1050 gr.
1333 983 1454 1032 rex
1501 964 1910 1050 Hungariae,
1959 961 2496 1046 recognoscimus
2545 967 2613 1029 et
2649 965 2733 1028 ad

389 1059 806 1134 universorum
877 1068 1182 1136 notitiam
1229 1075 1464 1137 tenore
1515 1069 1967 1152 praesentium
2013 1068 2315 1150 cupimus
2362 1068 2735 1149 pervenire,

395 1173 534 1248 quod
583 1191 700 1238 nos
760 1191 905 1240 cum
962 1174 1312 1258 magnifico
1374 1174 1675 1257 principe
1734 1177 1795 1240 d.
1855 1173 2138 1255 Joanne,
2200 1172 2271 1238 B.
2339 1178 2409 1237 et
2455 1172 2526 1239 P.
2573 1191 2733 1255 rege

399 1273 598 1342 illustri
685 1297 766 1344 ac
837 1278 910 1342 L.
989 1279 1246 1360 comite,
1330 1277 1543 1345 fratre
1639 1281 1867 1346 nostro
1965 1275 2377 1357 charissimo,
2452 1275 2735 1342 indisso·

399 1376 578 1446 lubilis
617 1400 696 1446 ac
723 1363 1127 1448 ‘individuae
1172 1382 1510 1450 amicitiae
1571 1382 1877 1449 unionem
1933 1398 2321 1464 permanere
2368 1381 2735 1462 cupientes,

405 1483 470 1546 ad
516 1483 705 1564 ipsius
765 1485 1030 1552 unionis
1091 1489 1293 1554 robur
1337 1491 1408 1552 et
1453 1491 1845 1570 perpetuam
1890 1486 2271 1553 firmitatem
2312 1486 2576 1552 sincera
2606 1486 2735 1552 fide

407 1587 815 1673 promittimus,

567 1691 770 1775 ipsum
835 1696 893 1760 d.
940 1710 1164 1776 regem
1211 1693 1282 1760 B.
1331 1699 1564 1762 contra
1619 1711 1874 1760 omnem
1938 1691 2281 1774 bominem,
2340 1693 2512 1758 omni
2572 1699 2734 1759 tem-

409 1809 545 1878 pore,
586 1798 650 1862 in
707 1798 942 1878 quovis
1003 1796 1434 1864 necessitatis
1495 1796 1779 1863 articulo
1842 1801 1913 1863 et
1968 1797 2037 1862 in
2100 1796 2263 1862 locis
2308 1797 2737 1880 quibuslibet,

409 1900 516 1962 toto
555 1918 736 1981 posse
782 1906 1029 1984 nostro,
1075 1902 1600 1982 quandocunque
1648 1919 1769 1982 per
1826 1917 1974 1966 eum
2033 1900 2341 1980 requisiti
2400 1900 2737 1984 fuerimuS,

409 2001 688 2088 adiuvare,
731 2004 1104 2071 illustribus
1153 2004 1432 2071 ducibus
1479 2003 1815 2086 Austriae,
1847 2004 1960 2084 qui
1991 2022 2165 2070 nunc
2196 2009 2374 2086 sunt,
2412 2003 2739 2071 fratribus

409 2108 618 2192 nostriS,
678 2110 1024 2176 dumtaxat
1098 2107 1430 2191 exceptis3
1489 2111 1724 2174 contra
1792 2125 1974 2190 qUOS,
2042 2107 2101 2174 si
2170 2109 2555 2190 praedictus
2620 2127 2739 2176 rex

409 2205 712 2279 Bohemiae
757 2211 1098 2278 hostiliter
1139 2231 1282 2280 cum
1317 2212 1615 2278 exercitu
1650 2212 2075 2294 processerit,
2106 2213 2330 2279 sedem
2364 2213 2739 2280 tenebimus

408 2307 458 2374 in
495 2317 707 2402 quiete,
757 2335 972 2397 neque
1021 2318 1118 2383 eis
1163 2317 1290 2384 hac
1335 2317 1404 2382 in
1449 2322 1647 2398 parte
1691 2315 1960 2397 aliquod
2005 2315 2183 2382 ferre
2232 2319 2534 2384 volumus
2588 2321 2740 2384 sub·

409 2416 598 2486 sidium
659 2423 770 2490 vel
839 2422 1166 2504 iuvamen,
1235 2439 1359 2488 nec
1427 2420 1803 2505 admittere,
1864 2421 2037 2502 quod
2098 2423 2181 2488 de
2240 2440 2449 2506 regno
2510 2427 2738 2490 nostro

408 2520 954 2611 Hungariaeffpsis
1000 2527 1225 2607 aliqua
1272 2526 1570 2594 subsidia
1614 2544 1737 2607 per
1768 2544 2195 2607 quoscunque
2228 2530 2492 2594 nostros
2523 2529 2741 2611 regni-

405 2626 546 2695 colas
592 2630 970 2698 afferantur.
1014 2629 1087 2696 Si
1133 2636 1357 2697 autem
1403 2630 1533 2713 ipsi
1580 2633 1785 2696 duces
1829 2635 2050 2697 terras
2098 2630 2427 2713 praedicti
2464 2634 2523 2697 d.
2555 2632 2738 2715 regis

407 2729 462 2796 Β.
483 2732 872 2819 invaderent,
893 2741 1056 2801 tunc
1079 2753 1198 2802 nos
1225 2735 1351 2803 sibi
1375 2740 1680 2802 tenemur
1692 2738 1837 2802 toto
1862 2752 2256 2802 succurrere
2278 2754 2476 2817 posse
2494 2741 2742 2817 nostro,

403 2845 564 2914 prout
621 2858 824 2924 super
891 2858 970 2905 eo
1029 2858 1150 2921 per
1213 2839 1428 2921 ipsum
1490 2840 1550 2904 d.
1617 2857 1845 2923 regem
1906 2840 1979 2904 B.
2036 2838 2351 2905 fuerimus
2413 2839 2740 2921 requisiti.

403 2938 526 3021 Ipse
585 2962 834 3026 quoque
904 2943 1211 3011 similiter
1277 2944 1426 3012 vice
1487 2962 1708 3027 versa,
1766 2944 1826 3009 si
1884 2943 2095 3010 eidem
2159 2946 2359 3010 duces
2419 2944 2740 3011 Austriae

404 3048 582 3114 terras
647 3054 914 3116 nostras
995 3048 1128 3113 ullo
1204 3065 1491 3128 vnquam
1566 3052 1863 3128 tempore
1940 3048 2355 3131 invaderent,
2429 3052 2744 3115 teneatur

405 3152 556 3217 nobis
595 3156 676 3219 ad
721 3152 1225 3234 requisitionem
1271 3156 1564 3217 nostram
1610 3151 1821 3217 totius
1869 3170 2030 3219 suae
2068 3152 2414 3235 potentiae
2446 3152 2741 3219 subsidio

407 3268 747 3325 succmrere
793 3261 1182 3340 opportune.

569 3362 652 3428 Et
697 3363 1227 3443 quandocunque
1273 3360 1419 3442 ipse
1466 3361 1524 3426 d.
1570 3377 1694 3425 rex
1739 3360 1813 3424 Β.
1868 3378 2027 3426 suos
2069 3360 2370 3427 homines
2429 3360 2619 3427 nobis
2674 3361 2742 3427 in

412 3463 668 3533 auxilium
730 3466 1200 3548 transmiserit,
1263 3462 1396 3529 illis
1455 3463 1524 3529 in
1587 3464 1829 3545 pabulo
1888 3482 2228 3550 equorum,
2289 3468 2741 3555 tantummodo

413 3561 552 3633 intra
586 3563 790 3639 meta's
837 3570 1032 3655 regni
1079 3570 1312 3653 nostri,
1357 3568 1736 3635 tenebimur
1798 3568 2187 3652 providere;
2234 3574 2305 3635 et
2362 3570 2507 3652 ipse
2568 3569 2743 3637 simi-

415 3664 535 3735 liter
569 3676 825 3759 nostris,
872 3692 1036 3756 quos
1082 3673 1211 3741 sibi
1259 3675 1783 3754 quandocunque
1815 3672 2203 3757 miserimuS,
2234 3674 2531 3741 homines
2563 3674 2745 3741 intra

419 3779 583 3843 metas
619 3779 808 3865 regni
853 3779 957 3845 sui
1001 3780 1070 3846 in
1115 3780 1256 3845 solo
1301 3795 1615 3859 equorum
1662 3777 1901 3861 pabulo
1948 3778 2345 3861 providebit.

578 3884 670 3950 Ad
735 3884 1008 3951 maioris
1074 3886 1296 3949 autem
1365 3886 1635 3949 mutuae
1704 3882 2081 3949 dilectionis
2138 3887 2410 3949 nostrae
2470 3882 2747 3951 evidens

423 3974 784 4061 ligamentum
809 3988 1135 4057 illustrem
1159 3986 1564 4071 Ladislaum,
1587 3985 2097 4070 primogenitum
2121 3993 2439 4071 nostrum,
2470 3985 2743 4053 inclitae

427 4080 622 4175 Annae,
677 4098 876 4159 natae
938 4091 1102 4158 dicti
1164 4093 1222 4158 d.
1283 4092 1464 4175 regis
1525 4090 1619 4173 B,
1679 4096 2029 4171 postquam
2075 4108 2115 4155 a
2160 4092 2319 4157 sede
2380 4089 2747 4173 apostolica

429 4199 580 4268 super
643 4195 1218 4281 consanguinitate
1287 4194 1721 4279 dispensatio,
1790 4213 1909 4276 pro
1979 4211 2108 4275 qua
2174 4195 2539 4263 obtinenda
2608 4200 2746 4260 tam

429 4288 601 4364 dictus
657 4304 712 4367 d.
779 4318 900 4367 rex
987 4319 1182 4382 quam
1253 4318 1372 4366 nos
1440 4298 1819 4366 tenebimur
1881 4298 1953 4363 in
2020 4297 2315 4379 proximo
2383 4301 2471 4364 ad
2534 4299 2746 4380 ipsam
