3288 4973
129 2 541 47 ·-*-⁴÷‘=-m·:=r·r
579 4 772 24 ‘v-r‘w·
805 4 826 7 -·
911 4 920 7 ’
991 4 1010 6 ”

1346 374 1734 437 -533-

331 572 845 660 Salzeburgensi
892 577 1395 659 archiepiscopo
1441 578 1569 644 vel.
1598 577 1947 657 quibusvis
1986 576 2144 644 aliis
2173 578 2300 645 sub
2332 593 2729 657 quacunque

334 682 685 747 verborum
776 682 985 749 torma
1074 682 1435 765 concessiS,
1516 682 1784 752 etiamsi
1861 681 2028 749 talia
2095 680 2252 763 sint,
2337 684 2422 749 de
2469 680 2730 761 -quibus

334 802 691 865 eorumque
737 785 901 851 totis
948 788 1295 853 tenoribus
1333 803 1414 853 ac
1462 785 1755 867 propriis
1807 804 2244 868 personarum
2305 790 2378 854 et.
2419 784 2727 853 locorum

336 888 709 955 nominibus
754 891 1065 957 habenda
1118 890 1216 957 sit
1258 891 1327 957 in
1372 891 1623 957 nostris
1671 889 1890 967 literis
1940 890 2185 959 mentio
2232 888 2560 979 specialis
2606 906 2728 955 seu

334 993 393 1059 si
436 991 773 1073 aliquibus
818 995 1254 1062 communiter
1300 996 1411 1063 vel
1454 994 1722 1064 divisim
1775 999 1862 1064 ab
1911 996 2141 1066 eadem
2195 994 2356 1066 sede
2401 992 2726 1059 indultum

338 1097 607 1180 existat,
634 1100 809 1178 quod
838 1098 1171 1179 interdici,
1204 1098 1527 1179 suspendi
1558 1100 1669 1167 vel
1699 1098 2252 1169 excommunicari
2297 1114 2428 1165 non
2457 1096 2736 1177 ,possint

336 1217 457 1281 per
503 1199 737 1267 literas
782 1201 1210 1283 apostolicas,
1250 1220 1381 1267 non
1424 1200 1756 1273 facientes
1803 1204 2080 1284 plenam.
2111 1207 2202 1273 et.
2225 1217 2728 1283 expres-sumac

337 1306 418 1370 de
466 1307 673 1371 verbo
720 1306 805 1371 ad
854 1306 1127 1371 verbum
1175 1307 1259 1374 de
1306 1305 1569 1374 indulto
1615 1308 1990 1387 huiusmodi
2032 1306 2452 1376 mentionem.
2561 1370 2570 1377 .

544 1408 725 1473 Nulli
770 1426 933 1491 ergo
976 1409 1234 1475 omnino
1284 1409 1641 1479 hominum,
1665 1409 1871 1483 liceat
1909 1412 2084 1481 hanc
2116 1410 2427 1495 paginam
2456 1414 2732 1478 nostrae

335 1512 793 1595 exemptionis
850 1513 1289 1594 liberationis,
1352 1515 1881 1597 constitutionis·
1932 1514 2316 1599 creationis
2364 1513 2728 1587 commissi-

336 1617 481 1683 onis
528 1634 609 1683 ac
654 1616 1108 1687 concessionis
1150 1617 1529 1701 infringere.
1548 1619 1664 1687 vel
1696 1620 1768 1685 ei·
1789 1638 1960 1690 ausu
1988 1620 2328 1688 contrario
2358 1616 2726 1697 contrait-03

334 1719 393 1784 si
454 1718 607 1799 quis
664 1725 887 1787 autem
948 1722 1074 1787 hoc
1134 1725 1539 1803 attemptare
1604 1722 2154 1805 praesumpserit,
2205 1723 2730 1807 indignationem

334 1825 807 1906 omnipotentis
872 1824 998 1890 Dei
1056 1832 1131 1892 et
1175 1828 1231 1893 b.
1280 1826 1469 1903 Petri
1531 1834 1603 1893 et
1663 1826 1878 1913 Pauli,
1937 1846 2041 1908 ap
2105 1828 2270 1911 ojus
2327 1844 2401 1895 se
2463 1828 2734 1970 noverit

332 1927 771 1995 incursurum.
1655 1963 1664 1971 ·

544 2058 789 2121 Datum
808 2058 1139 2123 Avinione
1156 2058 1231 2123 V.
1246 2060 1391 2124 Kal.
1410 2060 1459 2125 J
1462 2076 1599 2124 unu
1604 2059 2062 2185 ,pontificatus
2075 2060 2294 2125 nostri
2311 2078 2483 2127 anno
2503 2062 2726 2127 tertie.

536 2194 759 2279 (Arch.
836 2193 1122 2281 archiep.
1210 2194 1577 2283 Praqensis.
1656 2234 1743 2247 —
1809 2196 2042 2291 ΡεΙΖοῙ,
2109 2169 2186 2261 K.
2262 2193 2430 2261 Karl
2488 2198 2598 2267 IV.
2658 2223 2718 2262 η.

333 2294 730 2363 CCLXXXI.
788 2338 874 2348 —
924 2298 1131 2362 Frind
1175 2298 1289 2387 II.)

530 2491 681 2556 552.
746 2484 1157 2557 civitatum
1220 2486 1692 2559 '1'1utnoviae
1749 2493 1834 2558 et
1885 2486 2161 2621 Curiae
2207 2484 2434 2580 atque
2480 2484 2723 2565 castri

332 2590 735 2662 Schatzler
780 2591 1348 2678 oppignoratio.

927 2715 1121 2799 1365,
1166 2716 1277 2783 23.
1326 2699 1701 2784 Octobris.
1751 2713 2137 2832 (Pragae.)

536 2851 709 2906 Kar-el
760 2851 853 2906 IV.
902 2852 1192 2908 knizattim
1249 2853 1551 2922 Opolskx'rm
1586 2870 1611 2908 s
1667 2855 2032 2934 Svidnickym
2081 2873 2150 2913 za
2197 2861 2274 2912 10
2284 2862 2385 2916 000
2435 2861 2486 2916 k.
2546 2876 2630 2930 gr
2673 2821 2724 2918 c

330 2937 583 3005 zapisuie
620 2937 889 3009 Trutnov,
926 2938 1117 2994 Dvuor
1156 2937 1440 3010 (Kralove)
1479 2958 1512 2994 a
1548 2939 1689 2994 hrad
1731 2927 2040 2998 Schatzler.

539 3050 795 3134 (Pelzel‚
851 3051 1064 3116 Wenc.
1108 3049 1231 3120 IIJ.
1284 3091 1357 3102 ——
1412 3031 1674 3121 Brandl
1717 3056 1776 3118 I
1767 3058 1827 3124 X
1869 3059 2021 3137 404,
2066 3061 2238 3145 405.)

538 3245 687 3311 553.
738 3241 1123 3312 Attestum
1172 3242 1736 3332 archiepiscopi
1770 3245 2455 3338 magdeburgensis
2485 3271 2723 3340 super

330 3344 671 3415 Lusatia.
1430 3420 1625 3490 1365·

540 3551 585 3605 Ο
624 3553 914 3620 zaplaceni
951 3570 984 3608 a
1022 3555 1323 3623 postupeni
1357 3559 1512 3612 zeme
1550 3557 1798 3613 luzicke:
1853 3559 1980 3613 List
2024 3561 2382 3632 arcibiskupa
2431 3565 2726 3633 Maydbur·

330 3639 503 3694 skeho
538 3639 845 3694 Albrechta
882 3657 915 3694 a
947 3642 1079 3710 jeho
1118 3641 1388 3710 kapitoly,
1427 3643 1493 3700 ἑο
1534 3645 1716 3700 ciesai·
1757 3645 1821 3700 K.
1855 3647 1976 3716 jest
2004 3648 2107 3717 jim
2145 3662 2214 3702 za
2231 3649 2354 3718 jich
2379 3656 2551 3717 pravo
2578 3653 2728 3707 docti

326 3724 500 3780 udinil
533 3741 567 3782 a
602 3727 771 3781 vseho
803 3728 970 3782 sveho
1005 3729 1181 3796 prava
1216 3731 1505 3800 postupuji
1542 3733 1682 3786 krali
1732 3733 2084 3790 Vacslavovi.
2124 3737 2219 3805 (Aa
2255 3738 2359 3806 K.)

534 3903 689 3970 554.
757 3899 1166 3972 Concessio
1234 3901 1556 3975 ducatus
1626 3905 2081 3992 opaviensis
2142 3909 2194 3980 J
2197 3909 2477 3982 ohanni
2547 3911 2723 3981 duci

324 4022 463 4090 per
508 4003 864 4074 Carolum
912 4003 1041 4075 IV.

1135 4096 1330 4178 1366,
1376 4097 1483 4164 30.
1532 4095 1578 4166 J
1587 4096 1913 4182 aunarii.

536 4231 684 4296 Wir
731 4231 883 4298 Carl
928 4253 1058 4300 von
1104 4241 1331 4316 gottes
1378 4238 1682 4322 genaden
1728 4239 2098 4308 romischer
2127 4242 2397 4325 kayser,
2429 4260 2516 4311 zu
2547 4243 2725 4310 allen

326 4335 579 4402 zeitten
644 4337 866 4402 Merer
913 4339 1029 4404 des
1078 4337 1327 4406 Reichs
1390 4343 1522 4406 und
1592 4341 1808 4426 kunig
1874 4361 1956 4408 zu
2027 4343 2294 4412 Behaim
2366 4347 2720 4414 bekennen
