3288 4973
2538 6 3220 231 Ἶὴήή

521 616 641 678 per
683 596 853 663 alias
898 602 1165 663 nostras
1212 596 1381 663 certi
1428 596 1684 663 tenoris
1717 594 1955 661 literas
1987 597 2390 677 profitemur,
2423 612 2542 661 nos
2575 596 2661 661 ab
2693 593 2906 659 excel-

518 700 889 767 lentissimo
922 699 1241 782 principe,
1272 699 1533 766 domino
1566 706 1798 767 nostro
1829 699 2191 773 carissimo,
2231 701 2292 764 d.
2321 698 2584 765 Joanne
2633 716 2812 781 rege,
2843 702 2914 762 et

517 823 559 869 a
602 822 805 886 regno
852 804 925 872 Β.
969 810 1191 870 terras
1252 808 1521 869 nostras
1577 810 1650 869 et
1710 803 2166 884 possessiones
2226 802 2578 868 universas
2643 806 2718 867 et
2777 800 2910 866 sin·

520 906 729 991 gulas,
804 927 971 989 quas
1050 908 1371 975 habemus
1447 914 1565 974 aut
1638 927 1724 974 ex
1795 908 2220 975 successione
2293 924 2414 973 seu
2489 905 2918 972 devolutione

522 1018 806 1094 paterna
848 1013 959 1079 vel
999 1012 1189 1093 alias,
1219 1015 1340 1078 sub
1373 1011 1659 1078 dominio
1691 1012 1874 1096 regis
1905 1018 1976 1077 et
2005 1011 2196 1093 regni
2225 1012 2320 1093 Β.,
2350 1028 2519 1091 quae
2549 1009 2918 1093 pheodales

518 1114 783 1199 fuerint,
827 1116 1273 1183 obtinebimus
1318 1116 1385 1181 in
1430 1116 1742 1197 futurum,
1787 1114 1857 1181 in
1903 1116 2162 1197 pheodo
2194 1120 2266 1182 et
2287 1117 2439 1200 jure
2473 1114 2710 1197 pheodi
2743 1115 2918 1180 obti-

518 1237 679 1286 nere
724 1238 803 1286 ac
850 1220 1060 1302 ipsius
1106 1222 1165 1287 d.
1212 1220 1394 1304 regis
1440 1225 1512 1286 et
1548 1238 2006 1287 successorum
2058 1238 2326 1287 suorum
2357 1237 2588 1305 regum
2616 1222 2689 1284 et
2719 1218 2920 1299 regni

520 1322 593 1387 B.
638 1342 761 1389 nos
806 1342 957 1389 esse
1004 1324 1243 1390 merito
1290 1324 1627 1406 principes
1675 1330 1745 1389 et
1795 1323 2116 1390 vasallos:
2172 1324 2420 1391 idcirco
2467 1322 2918 1404 promittimus

518 1427 587 1493 in
634 1428 930 1511 solidum,
974 1431 1147 1494 bona
1192 1429 1341 1509 fide,
1386 1428 1535 1494 vice
1584 1434 1656 1495 et
1701 1428 1962 1495 nomine
1999 1426 2382 1512 juramenti,
2425 1428 2598 1508 quod
2645 1445 2916 1494 exnunc

523 1532 608 1597 ad
653 1531 1072 1615 magnificum
1120 1532 1505 1614 principem,
1552 1534 1611 1599 d.
1659 1532 1987 1615 carolum,
2033 1530 2363 1598 antedicti
2407 1530 2652 1597 domini
2699 1532 2922 1598 nostri

521 1637 582 1701 d.
626 1635 673 1701 J
676 1636 909 1703 oannis
954 1638 1132 1718 regis
1202 1637 1731 1721 primogenitum,
1797 1635 2241 1703 marchionem
2287 1634 2646 1717 Mor-aviae,
2708 1654 2920 1703 avun-

524 1738 739 1805 culum
801 1744 872 1806 et
934 1740 1257 1807 dominum
1320 1746 1615 1807 nostrum
1685 1740 2114 1823 carissimum,
2179 1746 2493 1821 tanquam
2551 1741 2640 1805 ad
2700 1740 2922 1821 ipsum

521 1842 856 1910 dominum
920 1862 1145 1925 regem
1218 1845 1470 1912 habere
1544 1850 1920 1926 respectum
1991 1845 2060 1911 in
2127 1844 2427 1911 omnibus
2495 1848 2563 1909 et
2631 1842 2926 1909 ubilibet

523 1950 899 2030 debeamus»,
930 1948 1192 2029 sibique
1224 1954 1294 2016 et
1326 1950 1657 2016 mandatis
1691 1950 1831 2016 suis
1858 1950 2209 2015 intendere
2241 1947 2532 2015 fideliter
2562 1952 2634 2012 et
2655 1966 2926 2030 parere,

524 2050 830 2133 praefato
876 2069 1136 2134 quoque
1183 2052 1441 2120 domino
1488 2058 1720 2120 nostro
1765 2072 1942 2137 rege,
1991 2052 2222 2119 divina
2243 2052 2526 2134 ⁸iubente
2557 2050 2928 2118 clementia

525 2157 895 2223 decedente
958 2156 1064 2223 vel
1124 2157 1340 2239 ipsum
1402 2158 1469 2223 in
1530 2158 1674 2225 vita
1731 2155 2222 2239 quomodolibet
2277 2160 2634 2237 annuente,
2691 2160 2928 2220 terras
2971 2244 2979 2250 .

525 2264 792 2326 nostras
854 2261 1237 2342 praedictas
1296 2263 1381 2327 ab
1424 2261 1571 2343 ipso
1619 2264 1680 2327 d.
1727 2262 1980 2343 Carolo,
2036 2262 2562 2342 quandocunque
2622 2259 2931 2326 voluerit

525 2370 598 2430 et
641 2364 1081 2447 mandaverit,
1126 2365 1194 2429 in
1243 2366 1569 2447 pheodum
1615 2370 2008 2448 perpetuum
2055 2365 2396 2445 suscipere
2438 2382 2520 2429 ac
2565 2368 2930 2443 praestare

528 2466 657 2534 sibi
703 2470 785 2535 de
831 2469 1160 2535 servando
1219 2475 1585 2552 perpetuae
1644 2468 1994 2537 fidelitatis
2055 2466 2358 2550 homagio
2411 2466 2678 2534 solitum
2730 2465 2929 2551 jura-

525 2578 835 2656 mentum,
918 2591 1042 2639 nec
1097 2593 1229 2640 non
1288 2575 1507 2643 omnia
1572 2581 1643 2642 et
1710 2573 1992 2658 singula,
2057 2592 2230 2656 quae
2296 2573 2366 2640 in
2433 2570 2632 2638 dictis
2695 2570 2933 2639 literis

526 2676 971 2759 continentur,
1020 2679 1382 2745 observare
1426 2679 1718 2746 fideliter
1762 2685 1834 2745 et
1879 2678 2173 2761 implere.

734 2779 815 2846 In
860 2780 1046 2846 cuius
1096 2780 1193 2846 rei
1230 2833 1241 2846 .
1274 2831 1287 2846 .
1322 2833 1335 2846 .

1524 393 1918 453 —232—

734 2936 977 3003 Actum
1045 2951 1115 3003 et
1182 2939 1405 3005 datum
1476 2939 1543 3005 in
1611 2943 1836 3007 castro
1897 2938 2245 3024 Prageusi‚
2307 2937 2512 3005 tertio
2575 2937 2700 3004 m.
2767 2937 2935 3006 Kal.

524 3038 817 3123 Augusti
863 3059 919 3106 a.
968 3039 1045 3106 D.
1098 3045 1281 3109 1343.

734 3185 952 3271 (Ao-ch.
972 3186 1041 3257 S.
1074 3187 1279 3256 Wenc.
1305 3227 1393 3240 —
1416 3188 1641 3276 Chytil
1679 3189 1813 3258 VII.
1833 3192 1983 3260 495.
2009 3227 2089 3240 —-
2117 3189 2510 3277 Gritnhaqen
2539 3189 2628 3256 ΙΙ.
2659 3191 2818 3261 322.
2841 3232 2933 3242 -

526 3291 742 3358 Εηιῐον
787 3293 821 3356 1
834 3293 899 3360 V.
946 3293 1138 3361 1308.
1181 3331 1269 3345 —
1310 3295 1566 3358 Harum
1628 3295 1967 3361 literarum
2028 3305 2540 3380 transsumptum
2584 3303 2644 3357 et
2689 3300 2936 3380 confir-

523 3399 723 3462 matio
768 3419 809 3462 a
854 3394 1272 3484 Siyiamuudo
1318 3400 1499 3464 Rom.
1551 3409 1613 3464 et
1659 3399 1741 3468 B.
1783 3423 1926 3486 reqe
1979 3403 2082 3470 20.
2129 3399 2327 3468 Mart.
2370 3399 2592 3485 1426.)

730 3645 881 3712 224.
914 3641 1180 3713 Pactio
1203 3641 1407 3714 inter
1431 3643 1786 3715 Carolum
1809 3642 2318 3714 marchionem
2343 3644 2419 3712 et
2444 3639 2933 3714 Ludovicum

526 3745 710 3833 Imp.
758 3746 851 3816 de
894 3746 1199 3834 treugis
1238 3747 1668 3819 servandis.
2253 3779 2259 3786 ·

1056 3886 1251 3972 1343,
1298 3887 1405 3955 13.
1455 3851 1948 3973 Septembris.
1995 3885 2379 3973 (Pragae.)

732 4039 1009 4108 Carolus
1062 4043 1355 4109 marchio
1402 4081 1487 4091 —
1535 4046 1692 4110 dass
1737 4043 1863 4110 wir
1906 4060 2226 4125 genomen
2265 4044 2481 4109 haben
2515 4041 2644 4107 und
2677 4059 2936 4114 nemen

526 4145 643 4210 mit
700 4146 874 4213 allen
936 4164 1184 4213 unsern
1244 4148 1489 4215 landen
1550 4151 1688 4214 und
1761 4148 2010 4216 lewten
2085 4147 2280 4214 einen
2338 4150 2485 4213 satz
2543 4146 2681 4211 und
2743 4146 2938 4218 fride

520 4251 778 4317 mit...
822 4251 1025 4317 herrn
1074 4251 1412 4335 Ludweig,
1460 4255 1579 4320 der
1626 4252 1769 4344 sich
1831 4253 2077 4335 keyser
2138 4257 2358 4337 nenet‚
2420 4250 2666 4317 seinem
2729 4269 2936 4338 sune,

520 4356 671 4422 dem
716 4355 1133 4440 marcgrafen
1180 4375 1260 4422 zu
1306 4357 1814 4443 Brandenburg,
1858 4359 1994 4428 und
2039 4358 2215 4427 allen
2260 4357 2405 4428 iren
2454 4354 2732 4442 helfern,
2769 4355 2934 4432 iren
