3288 4973
1387 428 1777 487 -473—

580 628 868 695 Karolns
901 628 1014 693 IV.
1047 631 1106 695 d.
1139 628 1180 697 f.
1217 630 1294 697 cl.
1326 632 1508 699 Rom.
1539 630 1592 703 L
1624 650 1677 698 s.
1706 650 1763 697 a.
1790 638 1860 697 et
1886 632 1959 697 B.
1984 650 2121 711 rex,
2142 631 2189 697 J
2193 632 2506 713 ohanneS,
2534 634 2765 698 eadem

367 730 596 813 gratia
619 732 911 798 marchio
939 734 1302 817 Moraviae,
1335 740 1407 801 et
1424 736 1769 803 Rudolffns
1794 736 1871 801 D.
1904 754 2003 819 gr.
2033 736 2369 817 Austriae‚
2400 734 2671 818 Styriae
2696 748 2765 802 et

367 834 774 903 Kariathiae
818 839 971 920 dux,
1018 856 1138 919 pro
1183 840 1374 906 nobis
1418 848 1490 906 et
1535 840 1910 907 illustribus
1956 840 2321 923 Friderico,
2368 840 2649 906 Alberto
2697 848 2768 906 et

371 939 736 1023 Leupoldo,
751 942 1074 1009 fratribus
1091 944 1360 1027 nostris,
1377 962 1649 1025 quorum
1666 951 2001 1025 tamquam
2020 945 2244 1011 senior
2264 962 2484 1011 eorum
2504 945 2765 1025 plenam

375 1049 446 1110 et
491 1044 771 1113 liberam
813 1054 1220 1129 potestatem
1265 1050 1604 1131 habemus,
1648 1067 1729 1114 ea
1776 1050 2172 1130 conditione,
2218 1068 2349 1129 qua
2394 1067 2531 1132 nOS,
2574 1066 2765 1131 prae·

378 1149 538 1215 dicti
583 1150 958 1233 Imperator
1019 1160 1095 1217 ut
1141 1154 1216 1217 B.
1262 1171 1384 1219 rex
1430 1162 1500 1217 et
1546 1153 1857 1236 marchio,
1905 1153 1972 1219 in
2020 1153 2419 1235 subscriptis
2465 1171 2584 1233 pro
2632 1170 2765 1219 una

375 1272 662 1333 persona
707 1258 1158 1321 tantummodo
1207 1262 1684 1339 computemur,
1730 1256 2233 1324 notumfacimus
2286 1261 2519 1323 tenore
2574 1275 2761 1339 prae-

373 1359 662 1425 sentium
710 1360 1062 1441 universis,
1104 1363 1279 1440 quod
1311 1364 1393 1427 ob
1432 1361 1695 1443 amoris,
1726 1362 2059 1428 amicitiae
2091 1368 2162 1427 et
2192 1360 2347 1427 fidei
2380 1362 2762 1443 puritatem,

375 1462 618 1543 quibus
634 1464 1002 1531 adinuicem
1029 1467 1208 1532 iusta
1226 1465 1492 1533 ratione
1512 1468 1598 1533 ad
1617 1467 1837 1532 instar
1861 1466 2356 1550 progenitorum
2384 1472 2761 1548 respectum

373 1566 626 1634 habere
685 1574 1004 1652 tenemur,
1071 1588 1190 1653 pro
1252 1571 1532 1653 speciali
1594 1570 2048 1637 consolatione
2110 1577 2181 1636 et
2239 1576 2423 1636 statu
2487 1570 2761 1651 pacifico

374 1672 828 1739 subiectorum
875 1674 1064 1740 nobis
1118 1674 1406 1743 fidelium
1441 1682 1511 1741 et
1567 1682 1642 1740 ut
1688 1676 2113 1741 desideratae
2162 1675 2345 1756 pacis
2394 1676 2764 1740 amoenitas

370 1775 556 1843 inter
601 1794 720 1842 nos
765 1778 1018 1860 iugiter
1063 1786 1474 1861 perseveret,
1519 1780 1739 1846 animo
1786 1780 2174 1862 deliberato,
2221 1779 2607 1861 principum,
2650 1781 2764 1865 ba-

372 1899 608 1947 ronum
656 1888 725 1947 et
771 1882 1052 1949 aliorum
1111 1883 1398 1951 fidelium
1447 1892 1824 1951 nostrorum
1872 1901 2033 1949 sano
2080 1886 2442 1951 accedente
2490 1884 2764 1949 consilio

371 2004 454 2051 ac
501 1988 586 2052 de
633 1990 822 2052 certa
867 1994 1100 2053 nostra
1145 1988 1429 2055 scientia
1474 2006 1881 2055 communem
1921 1988 2179 2070 pariter
2210 1988 2659 2079 colligantiam
2694 1996 2765 2055 et

371 2090 686 2156 unionem
743 2090 1041 2173 fecimus,
1103 2110 1354 2173 nosque
1401 2112 1520 2174 pro
1569 2094 1761 2158 nobis
1808 2097 1878 2158 et
1924 2092 2283 2159 heredibus
2332 2092 2580 2157 nostris
2616 2110 2763 2173 per-

372 2202 576 2275 petuo
624 2196 800 2261 bona
843 2194 976 2263 fide
1022 2202 1092 2261 et
1137 2198 1392 2277 absque
1438 2198 1611 2265 omni
1660 2197 1829 2277 dolo,
1874 2200 1997 2264 sub
2038 2215 2115 2263 eo
2141 2196 2537 2277 juramento,
2586 2198 2760 2275 quod

369 2316 576 2380 super
619 2298 745 2364 hoc
779 2300 1220 2381 corporaliter
1249 2301 1335 2367 ad
1369 2303 1722 2383 evangelia
1754 2308 1991 2367 sancta
2024 2299 2501 2381 praestitimuS,
2534 2301 2759 2365 firmae

369 2402 796 2486 colligentiae
867 2404 1142 2470 fecimus
1202 2406 1528 2488 unionem,
1589 2406 1778 2472 cuius
1840 2406 2094 2471 virtute
2140 2409 2211 2471 et
2257 2403 2487 2490 vigore
2534 2410 2759 2469 mutuo

370 2507 814 2589 promittimus
865 2512 1032 2575 bona
1077 2511 1416 2576 constanti
1455 2512 1617 2576 tide:

577 2610 766 2696 Quod
813 2631 933 2678 nos
979 2614 1152 2679 infra
1197 2620 1430 2696 metas,
1477 2613 1810 2698 granitias
1858 2615 2001 2679 sive
2048 2615 2253 2698 gades
2301 2614 2493 2696 regni
2548 2613 2761 2678 nostri

370 2715 703 2795 Boemiae‚
765 2718 1260 2784 marchionatus
1326 2719 1686 2801 Moraviae,
1747 2724 2077 2784 terrarum
2140 2723 2211 2783 et
2269 2717 2758 2799 principatuum

369 2819 706 2896 Poloniae,
753 2822 1018 2887 dominii
1066 2823 1134 2887 in
1183 2822 1571 2906 Sulczbach,
1619 2831 1689 2889 et
1734 2823 2090 2904 quidquam
2136 2841 2413 2906 regnum
2448 2820 2759 2886 Boemiae

367 2923 438 2991 in
481 2925 794 2991 Almania
840 2926 1115 3008 obtinet,
1163 2945 1332 3008 quae
1379 2943 1526 2993 cum
1573 2930 1803 2993 eodem
1848 2945 2054 3012 regno
2103 2929 2457 3008 confluant,
2501 2943 2758 2991 necnon

369 3027 862 3110 principatuum
893 3037 964 3094 et
995 3030 1426 3098 dominiorum
1465 3033 1803 3112 Austriae,
1836 3031 2120 3114 Styriae,
2155 3031 2570 3111 Karinthiae,
2604 3031 2756 3096 Car-

367 3131 604 3214 niolae‚
629 3131 968 3199 Marcbiae
998 3133 1433 3200 Sclavonicae
1463 3141 1533 3200 et
1555 3137 1801 3200 Portus
1830 3135 1887 3199 N
1892 3134 2080 3200 aonis
2107 3143 2175 3200 et
2198 3135 2757 3216 pertinentiarum

365 3237 650 3302 omnium
697 3239 1142 3319 spectantium
1189 3240 1276 3303 ad
1322 3241 1570 3321 eadem,
1633 3240 1700 3304 in
1762 3256 2037 3318 quorum
2100 3239 2521 3320 possessione
2582 3255 2758 3303 nunc

367 3340 716 3406 existimus
800 3360 920 3408 seu
991 3349 1269 3408 auctore
1340 3344 1597 3408 domino
1668 3342 1987 3408 fuerimus
2058 3341 2123 3404 in
2195 3343 2507 3422 iuturum,
2568 3342 2758 3406 nobis

365 3443 647 3510 inuicem
695 3445 986 3512 fideliter
1033 3456 1103 3512 et
1135 3447 1580 3514 amicabiliter
1610 3445 1965 3528 suffragari
2000 3450 2069 3509 et
2100 3444 2413 3509 auxiliari
2445 3446 2758 3510 debemus

366 3554 436 3614 et
496 3549 820 3630 volumuS,
888 3551 972 3615 ad
1043 3551 1518 3617 defensandum
1587 3549 1929 3631 praefatos
1976 3547 2410 3630 principatus,
2454 3551 2757 3630 ducatuS‚

365 3653 656 3720 dominia
703 3660 772 3718 et
820 3662 1040 3720 terras
1107 3661 1392 3738 nostras,
1452 3672 1598 3719 cum
1660 3653 1962 3719 omnibus
2022 3670 2249 3719 eorum
2310 3653 2756 3733 pertinentiis.

364 3757 542 3825 sicut
588 3759 894 3837 superius
943 3763 1440 3840 expressantur,
1472 3759 1797 3824 adversus
1831 3775 2083 3824 omnem
2116 3756 2461 3839 hominem,
2496 3757 2755 3822 nemine

363 3859 632 3944 penitus
679 3867 1056 3942 exceptam,
1118 3862 1232 3942 qui
1277 3863 1362 3926 ad
1410 3866 1641 3928 nostra
1704 3879 1821 3927 seu
1874 3861 2200 3927 dictorum
2248 3861 2755 3942 principatuum,

361 3967 736 4046 ducatuum,
770 3965 1202 4031 dominiorum
1228 3973 1299 4031 et
1327 3974 1655 4031 terrarum
1689 3971 2065 4031 nostrarum
2097 3973 2169 4030 et
2200 3966 2753 4046 pertinentiarum

359 4069 671 4136 similiter
717 4071 1001 4149 dampna
1047 4087 1164 4134 seu
1213 4069 1562 4149 dispendia
1609 4069 2005 4134 niterentur.

568 4173 659 4238 Et
704 4175 856 4239 dum
906 4173 1103 4239 unius
1151 4180 1269 4238 aut
1315 4174 1598 4254 plurium
1646 4191 1729 4239 ex
1766 4173 1957 4239 nobis
1990 4191 2282 4256 regnum,
2318 4174 2752 4254 principatus,

353 4285 582 4342 terrae
646 4295 764 4344 seu
809 4278 1098 4344 dominia
1161 4277 1226 4342 in
1284 4277 1572 4358 Boemia,
1633 4275 1955 4358 Moravia,
2017 4276 2314 4357 Polonia,
2377 4277 2749 4342 Sulczbach

355 4399 502 4446 cum
534 4378 704 4463 aliis,
730 4399 902 4460 quae
927 4399 1201 4464 regnum
1230 4383 1300 4446 B.
1342 4381 1410 4447 in
1441 4378 1793 4446 Alamania
1826 4380 2105 4461 obtinet,
2137 4397 2307 4460 quae
2340 4398 2483 4446 cum
2519 4383 2749 4446 eodem
