3288 4973
1542 367 1894 428 ..32—

518 565 685 634 libet
744 567 965 636 causis
1024 567 1163 636 suis
1220 567 1503 638 dilectos
1570 569 1802 640 fideles
1871 581 2136 641 nostros
2205 571 2389 642 cives
2461 591 2542 642 ac
2603 567 2894 640 feodales

524 673 1121 742 Wratislavienses
1150 676 1241 742 ad
1266 674 1479 744 forum
1512 676 2062 762 ecclesiasticum,
2091 683 2450 762 antequam
2495 679 2676 748 cives
2719 677 2896 761 ipsos

524 778 595 845 in
638 780 881 847 indicio
940 780 1125 848 civili
1186 785 1257 848 et
1314 780 1615 850 feodales
1673 784 2058 866 praedictos
2112 785 2182 852 in
2226 785 2468 852 iudicio
2513 781 2905 866 provinciali

524 886 899 968 conveniat,
956 885 1131 952 idem
1198 885 1417 954 clerus
1476 887 1748 954 trahere
1805 888 2118 956 similiter
2175 908 2306 955 non
2365 893 2776 972 praesumat3
2833 886 2903 953 in

524 991 759 1072 quibus
804 989 1125 1072 siquidem
1170 991 1453 1076 indicii-«3,
1498 993 1555 1060 si
1598 993 1732 1074 ipsi
1761 993 1942 1060 clero
1973 993 2242 1061 iusticia
2271 994 2670 1061 conveniens
2699 990 2904 1058 fuerit

522 1097 871 1179 denegata,
914 1101 1163 1163 extunc
1205 1096 1652 1179 prosequendi
1697 1097 1846 1164 iura
1889 1117 2012 1165 sna
2055 1117 2278 1166 coram
2321 1095 2658 1181 spirituali
2677 1095 2898 1178 judice

522 1200 785 1282 plenam
826 1201 1077 1268 habeat
1122 1207 1545 1285 potestatem.

730 1325 811 1392 In
854 1344 1129 1407 quorum
1182 1325 1471 1392 omnium
1529 1323 2026 1408 praedictorum
2085 1329 2286 1394 robur
2339 1331 2408 1390 et
2453 1321 2898 1390 testimonium

524 1435 917 1511 praesentes
939 1431 1177 1498 literas
1199 1430 1347 1497 fieri
1367 1436 1443 1497 et.
1464 1429 1686 1514 sigillo
1710 1435 1942 1496 nostro
1973 1429 2206 1514 majori
2227 1428 2544 1514 jussimus
2585 1425 2898 1494 roborari.

730 1573 971 1638 Actum
1048 1570 1529 1640 wratislaviae
1573 1621 1589 1635 .
1632 1623 1650 1638 .
1697 1621 1712 1636 .
1789 1571 1870 1636 A.
1945 1569 2026 1636 D.
2105 1577 2292 1652 132⁷,
2363 1569 2661 1652 proxima
2731 1565 2902 1632 feria

524 1676 817 1742 secunda
860 1679 1014 1759 post
1059 1674 1234 1744 diem
1279 1675 1660 1758 palmarum.

731 1813 1153 1898 (Grr'lnhaqen
1212 1815 1349 1878 und
1390 1814 1764 1902 Marquqf,
1829 1814 2104 1878 Lehma-
2157 1813 2296 1878 und
2353 1810 2904 1876 Ben'tzurkunden

522 1917 881 1983 Schlen'ens
932 1920 983 1996 I,
1028 1923 1133 1986 67.
1178 1957 1259 1968 —-
1312 1920 1609 1993 ΒόῘιηιεν,
1657 1920 1811 2004 Rey.
1865 1919 2022 2003 Imp.
2069 1920 2216 2002 191,
2261 1941 2320 1985 n.
2357 1919 2494 2003 99.)

730 2168 839 2234 72.
889 2162 1323 2234 Ludovicus
1370 2163 2140 2251 Brandenburgensis
2185 2165 2266 2232 et
2309 2159 2666 2230 Lusatiae
2711 2178 2898 2228 mar·

525 2269 721 2356 chio,
744 2267 1197 2370 Reynckino
1220 2268 1313 2337 de
1336 2267 1850 2356 Adelendorp‚
1873 2265 2032 2336 civi
2055 2267 2148 2336 de
2171 2264 2458 2350 Berlin,
2491 2263 2568 2334 in
2601 2262 2898 2334 feudum

522 2375 817 2445 confert
860 2373 1155 2443 reditus
1198 2373 1529 2462 quinque
1576 2372 2040 2443 talentorum
2089 2372 2169 2441 iu
2215 2370 2408 2442 villa
2453 2368 2680 2440 Mare.

1208 2507 1401 2591 1327,
1447 2508 1555 2575 21.
1601 2504 1808 2575 Maii.
1855 2502 2234 2592 (Reppin.)

732 2644 955 2732 (Arch.
1000 2644 1067 2713 S.
1124 2644 1357 2731 Wenc.)

729 2875 839 2941 73.
886 2872 1062 2941 otto
1106 2869 1365 2941 senior
1407 2875 1486 2942 et
1530 2874 1710 2943 otto
1745 2869 2014 2959 junior
2055 2870 2339 2939 fratres
2378 2868 2471 2936 de
2503 2862 2902 2937 Lodburch

522 2980 601 3047 et
643 2977 737 3046 de
782 2976 1135 3063 Bergow‚
1184 2977 1381 3047 bona
1425 2998 1565 3047 sua
1620 2978 1700 3046 in
1763 2976 2102 3064 Antiquo
2163 2977 2244 3043 et
2299 2973 2510 3043 Novo
2573 2967 2902 3042 Seberch

523 3082 747 3168 atque
806 3080 1197 3151 civitatem
1262 3083 1341 3150 et
1420 3084 1756 3151 castrum
1829 3079 2104 3151 Belina
2176 3079 2228 3149 J
2229 3076 2510 3148 ohanni
2583 3074 2752 3161 regi
2817 3072 2900 3145 in

523 3184 827 3254 feudum
872 3184 1220 3255 offen-unt.

1172 3309 1362 3392 1327,
1408 3310 1517 3377 31.
1563 3307 1750 3377 Maii
1792 3310 1872 3377 et
1913 3309 1979 3377 7.
2026 3304 2267 3376 Junii.

732 3446 955 3533 (Arch.
998 3445 1065 3514 S.
1122 3446 1323 3515 Wenc.
1370 3485 1455 3497 —-
1510 3447 1574 3516 V.
1624 3446 1772 3514 cod.
1803 3452 1864 3535 j.
1911 3448 1966 3515 b.
2013 3446 2097 3516 II.
2143 3449 2213 3529 3,
2251 3468 2315 3531 p.
2347 3448 2447 3513 32.
2479 3481 2568 3494 —
2602 3440 2762 3509 Eme.
2794 3440 2913 3511 IV.

524 3551 715 3637 1332,
758 3551 975 3635 1336.)

728 3780 836 3843 74.
869 3775 918 3845 J
924 3794 1205 3845 oannes
1238 3796 1373 3845 rex
1408 3777 1668 3847 Ottoni
1700 3780 1780 3848 et
1808 3777 2068 3848 ottoni
2099 3774 2472 3847 fratribus
2504 3774 2597 3845 de
2621 3772 2910 3844 Loden·

526 3876 765 3947 burch
809 3876 1038 3948 dictis
1084 3878 1179 3947 de
1226 3878 1581 3967 Bergow,
1647 3880 1780 3969 qui
1841 3881 2042 3952 bona
2099 3900 2238 3950 sua
2293 3878 2624 3955 Seberch
2680 3880 2912 3965 atque

521 3982 779 4053 Bilina
822 3981 897 4051 ei
940 3981 1021 4051 in
1058 3981 1363 4053 feudum
1391 3983 1833 4070 offerebant,
1875 3985 2140 4056 villam
2187 4004 2404 4055 suam
2443 3982 2912 4055 Peczschow

522 4085 753 4156 titulo
799 4085 1088 4156 feudali
1134 4086 1451 4158 confert.

1415 4212 1605 4297 1327,
1651 4216 1758 4282 31.
1809 4212 2014 4283 Maii.

732 4346 956 4433 (Arch.
1012 4345 1079 4417 S.
1136 4348 1369 4437 Wenc.)
