3288 4973
1559 376 1905 437 ...72-

529 577 938 646 Kazimirum
999 597 1080 645 ac
1135 579 1421 646 heredes
1468 577 1681 660 ipsius
1728 579 1796 644 in
1841 579 2238 661 perpetuum
2284 581 2482 662 plene
2528 581 2929 649 devolvatur

541 688 611 748 et
656 684 1007 748 habeatur.

737 787 819 852 In
865 787 1054 870 cujus
1100 787 1201 852 rei
1249 838 1262 852 .
1311 838 1324 853 .
1370 839 1386 854 .

740 916 989 984 Datum
1036 916 1104 982 in
1149 916 1466 1000 Boutung
1511 935 1570 982 a.
1617 916 1698 982 D.
1749 921 1934 1000 1327,
1979 915 2094 982 VI.
2140 916 2288 982 Kal.
2338 916 2584 983 Martii.

742 1045 1164 1134 (Granhaqcn
1207 1044 1295 1112 Π.
1340 1047 1487 1112 560.
1533 1083 1621 1094 —-
1666 1043 1827 1113 Emi.
1874 1045 1994 1112 ΠΙ.
2038 1044 2257 1132 1283.)

744 1241 852 1306 64.
901 1237 950 1308 J
955 1257 1238 1307 oannes
1283 1235 1440 1306 dux
1486 1234 1951 1306 Oswicensis
1983 1235 2269 1306 terram
2302 1235 2811 1308 Oswicensem
2843 1237 2922 1309 in

531 1341 839 1412 feudum
885 1341 1164 1428 recipit
1208 1361 1254 1411 a
1297 1341 1350 1411 J
1351 1359 1590 1411 caune
1635 1359 1823 1427 rege
1867 1339 2243 1410 Boemiae.

1422 1474 1616 1558 1327,
1664 1473 1773 1540 24.
1820 1471 2041 1541 Febr.

741 1611 870 1666 List
904 1613 1082 1666 kneze
1121 1609 1548 1666 Osvetimskeho
1584 1610 1747 1678 Jana,
1786 1609 1929 1664 kdez
1986 1613 2255 1679 quava,
2310 1614 2375 1664 ze
2426 1616 2485 1666 to
2544 1611 2922 1668 kniezetstvie

535 1697 888 1752 Osvetimske
926 1697 1092 1767 piijal
1128 1697 1235 1765 pod
1271 1695 1396 1752 leno
1436 1696 1505 1751 od
1540 1697 1700 1751 krale
1738 1697 1975 1751 ceskeho
2012 1696 2033 1750 i
2062 1697 2195 1766 jeho
2232 1697 2525 1752 buducich.
2567 1701 2717 1753 1327.

740 1822 876 1888 Nos
922 1821 1265 1888 Johannes
1311 1819 1390 1885 D.
1439 1839 1534 1904 gr.
1583 1821 1715 1886 dux
1772 1819 2331 1886 Oswiencinensis
2398 1826 2467 1886 et
2526 1821 2925 1889 scolasticus

535 1925 999 1992 Cracoviensis
1045 1924 1578 2008 recognoscimus
1617 1928 1688 1990 et
1720 1924 2005 1990 fatemur
2036 1930 2265 1990 tenore
2298 1925 2748 2005 praesentium
2782 1928 2926 1992 uni-

533 2029 770 2112 1111ῐεί3,
836 2049 956 2096 nos
1023 2045 1174 2094 esse
1235 2027 1599 2110 principem
1660 2031 1729 2092 et
1792 2027 2115 2092 vasallum
2182 2028 2516 2112 magnifici
2584 2030 2927 2115 principiS,

534 2133 776 2201 domini
822 2133 1036 2201 nostri
1081 2133 1128 2200 J
1132 2131 1429 2215 ohanniS,
1477 2133 1550 2197 B.
1598 2136 1671 2198 et
1715 2131 1785 2198 P.
1833 2131 2012 2215 regis
2059 2131 2342 2198 illustris
2388 2152 2469 2199 ac
2515 2134 2773 2200 comitis
2824 2135 2923 2218 L.,

535 2242 606 2303 et
651 2241 738 2304 ab
783 2256 861 2304 eo
908 2246 1156 2304 terram
1201 2243 1498 2303 nostram
1541 2235 2147 2303 Oswiencinensem
2182 2253 2327 2302 cum
2360 2237 2499 2302 suis
2531 2237 2927 2304 civitatibus

537 2347 607 2409 et
653 2343 915 2424 castris,
961 2343 1090 2410 vid.
1139 2341 1516 2410 Oswienciu
1563 2340 1843 2408 civitate
1876 2359 2022 2406 cum
2055 2345 2299 2425 castro,
2344 2343 2597 2408 Zathor
2628 2342 2931 2427 civitate,

536 2447 738 2526 Kant,
795 2447 1100 2532 Zipscha‚
1161 2445 1542 2515 Wadowicz
1601 2452 1674 2513 et
1737 2445 2104 2529 Spikowitz
2168 2445 2443 2532 oppidis,
2506 2465 2648 2514 cum
2720 2449 2927 2517 etiam

535 2551 886 2635 oppidanis
933 2552 1110 2618 villis
1156 2557 1282 2617 ete.
1331 2550 1432 2637 (ut
1475 2572 1689 2636 cupra
1732 2552 1801 2613 in
1850 2548 2089 2613 litteris
2135 2553 2239 2631 58,
2274 2552 2391 2637 ⁵59,
2440 2550 2573 2639 60).

744 2682 992 2749 Datum
1038 2682 1106 2748 iu
1153 2682 1457 2767 Boutung
1502 2702 1558 2748 a.
1604 2682 1686 2747 D.
1738 2687 1923 2765 1327,
1967 2682 2080 2748 VI.
2127 2683 2275 2749 Kal.
2322 2682 2568 2751 Martii.

749 2813 869 2899 (A.
915 2812 1010 2883 K.
1056 2852 1140 2861 —-
1185 2811 1497 2880 Pulkaw.
1543 2850 1628 2859 —
1674 2810 2067 2899 Granhaqen
2128 2813 2212 2882 II.
2259 2816 2405 2881 577.
2450 2852 2537 2863 —-
2585 2812 2762 2900 Chyt.
2822 2814 2927 2882 VI.

539 2918 687 2984 846.
730 2956 818 2965 -—
861 2914 1020 2984 Eml.
1067 2916 1185 2985 III.
1228 2914 1450 3010 1284.)

745 3126 851 3193 65.
899 3122 1206 3193 Bussko
1252 3123 1503 3195 dictus
1551 3123 1798 3193 'Fluxa
1841 3145 1887 3193 a
1930 3144 2115 3213 rege
2154 3086 2447 3197 Joaunc
2486 3125 2569 3197 in
2614 3125 2924 3196 feudum

537 3228 818 3316 recipit
864 3230 1198 3299 castrum
1245 3249 1462 3298 suum
1509 3229 1812 3315 Egram.

1443 3361 1636 3443 1327,
1686 3363 1749 3426 4.
1796 3356 2018 3429 Mart.

745 3499 853 3565 Ad
897 3498 1356 3565 universorum
1399 3497 1704 3565 notitiam
1737 3516 1859 3583 ego
1891 3498 2174 3581 Bussko,
2207 3500 2427 3565 dictus
2462 3499 2695 3581 Tluxa‚
2726 3501 2925 3582 cupio

537 3602 910 3687 pervenire,
949 3604 1123 3683 quod
1170 3620 1292 3686 ego
1339 3620 1478 3668 meo
1525 3621 1604 3667 ac
1654 3621 2107 3670 successorum
2153 3608 2223 3670 et
2272 3604 2588 3670 heredum
2633 3622 2929 3672 meorum

536 3709 798 3776 nomine
847 3711 1138 3773 castrum
1181 3726 1394 3772 meum
1441 3708 1692 3791 Egram
1739 3726 1883 3773 cum
1929 3706 2213 3791 triginta
2272 3726 2641 3773 marcarum
2706 3708 2927 3775 reddi-

539 3813 716 3879 tibus
791 3817 862 3880 et
927 3814 1142 3878 tribus
1219 3811 1512 3878 araturis
1587 3812 1673 3875 ad
1742 3810 1956 3893 ipsum
2002 3814 2463 3894 spectantibus
2508 3814 2575 3879 in
2622 3815 2927 3883 manibus

537 3914 870 3999 magnifici
917 3921 986 3981 et
1030 3914 1422 3982 excellentis
1469 3914 1713 3980 domini
1746 3916 1891 3998 mei,
1926 3916 2173 3983 domini
2202 3918 2250 3982 J
2253 3918 2533 3984 ohannis
2569 3919 2927 3987 Bohemiae

538 4025 608 4086 et
654 4020 968 4087 Poloniae
1013 4020 1194 4103 regis
1241 4038 1320 4086 ac
1367 4019 1969 4102 Lucemburgensis
2018 4019 2297 4103 comitis,
2344 4022 2697 4106 resignans
2730 4044 2927 4107 spon-

537 4129 740 4190 tanea
765 4130 834 4191 et
865 4126 1077 4191 libera
1109 4124 1453 4190 voluntate
1487 4126 1570 4189 ab
1603 4122 1749 4204 ipso
1783 4124 2006 4205 recepi
2037 4124 2414 4209 intendam,
2438 4144 2925 4212 recognoscens

535 4248 638 4295 me
683 4229 890 4311 ipsius
935 4227 1377 4294 feudotarium
1425 4233 1494 4293 et
1538 4227 1865 4295 vasallum
1910 4227 2087 4294 facto
2136 4229 2265 4295 sibi
2311 4248 2432 4312 per
2494 4250 2598 4298 me
2650 4233 2923 4299 debitae

537 4332 882 4401 fidelitatis
938 4332 1241 4415 homagio
1287 4350 1366 4396 ac
1427 4333 1631 4398 etiam
1690 4335 1771 4398 de
1834 4334 1959 4400 hoc
2019 4333 2348 4417 corporali
2408 4334 2535 4401 sibi
2590 4338 2921 4417 praestito
