3288 4973
1531 314 1879 375 -50—

717 519 1175 586 Promittimus
1223 524 1593 603 praeterea,
1647 517 1810 585 nulli
1870 516 2291 602 alienigenae
2348 515 2633 596 aliquam
2696 513 2907 581 muni-

511 625 756 691 tionem
804 619 1097 707 regalem'
1143 623 1253 689 vel
1297 631 1592 689 castrum
1637 623 1903 703 aliquod
1971 640 2223 703 suppae
2278 621 2539 687 nomine
2600 620 2708 687 vel
2770 618 2903 685 alio

511 746 920 809 quocumque
967 729 1156 794 modo
1203 727 1616 794 committere
1662 728 1771 794 vel
1812 727 2033 795 locare
2066 733 2183 793 aut
2214 726 2647 809 purgravium
2676 722 2903 789 facere

513 834 581 899 in
627 833 895 915 eisdem,
941 830 1070 897 nisi
1116 835 1380 897 tantum
1426 830 1739 899 Moravis.

719 938 1073 1004 Caeterum
1121 936 1278 1015 quia
1337 938 1506 1002 bene
1571 937 1768 1001 decet
1812 940 1889 1001 ut
1934 935 2387 1016 unusquisque
2447 932 2515 999 in
2574 952 2697 999 suo
2752 933 2903 1016 jure

512 1048 837 1127 servetur,
905 1040 1350 1123 promittimus
1418 1040 1761 1123 praefatos
1830 1040 2083 1107 incolas
2144 1042 2408 1105 nostros
2470 1039 2539 1105 in
2605 1038 2903 1103 omnibus

507 1147 768 1230 jnribus
836 1150 1070 1212 tenere
1137 1144 1418 1212 firmiter
1476 1150 1546 1211 et
1605 1144 2069 1213 favorabiliter
2128 1162 2547 1227 conservare,
2609 1160 2731 1209 nec
2789 1160 2903 1209 eos

517 1257 754 1319 contra
790 1250 902 1333 Jus
949 1250 1333 1331 aliqualiter
1379 1252 1795 1332 perturbare.

725 1355 912 1423 Haec
945 1360 1170 1421 autem
1201 1354 1418 1421 omnia
1450 1360 1518 1422 et
1554 1353 1819 1438 singula
1850 1372 1970 1420 nos
2002 1351 2446 1434 promittimus
2494 1356 2906 1429 servaturos,

724 1458 804 1525 In
851 1460 1036 1543 cujus
1083 1457 1184 1525 rei
1230 1458 1681 1525 testimonium
1727 1462 2119 1540 praesentes
2166 1455 2435 1521 litteras
2478 1456 2716 1522 exinde
2760 1454 2911 1521 fieri

521 1568 592 1631 et
638 1563 856 1647 sigillo
904 1566 1135 1629 nostro
1180 1562 1412 1646 majori
1451 1561 1769 1645 jussimus
1816 1561 2220 1629 communiri.

727 1694 975 1759 Datum
1021 1694 1288 1760 Brunae
1335 1714 1392 1761 a.
1441 1694 1519 1759 D.
1570 1699 1757 1798 1323,
1806 1692 1879 1759 V.
1925 1692 2263 1758 Kalendas
2303 1690 2731 1773 Septembris.

731 1820 1102 1911 (Oriqinale
1161 1823 1234 1885 in
1293 1823 1553 1888 archivo
1623 1832 1836 1887 terrac
1892 1822 2230 1887 Moraviac
2294 1820 2431 1889 sub.
2475 1821 2595 1889 Nr.
2638 1822 2699 1887 4.
2746 1822 2917 1883 inter

527 1924 907 2012 Privileqia.
951 1962 1038 1976 —
1085 1924 1401 1991 Insertum
1452 1926 1815 2013 privileyio
1872 1926 2215 1990 Mor-aviae
2260 1948 2301 1988 a
2346 1923 2605 1988 Mathia
2664 1946 2808 2010 reqe
2852 1946 2915 1991 a.

523 2033 697 2099 1479
759 2032 935 2099 dato.
981 2068 1065 2079 —
1110 2029 1328 2094 Kniha
1401 2030 1630 2098 Tovae.
1684 2030 1960 2117 praebet
2012 2032 2364 2097 versionem
2419 2029 2779 2097 boemicum.
2831 2066 2917 2077 —

528 2135 747 2222 Chytil
800 2134 901 2204 VI.
947 2136 1094 2203 175.
1137 2173 1226 2185 —-
1268 2134 1485 2200 Emler
1529 2136 1653 2203 ΙΠ.
1697 2136 1874 2221 896.)

732 2329 840 2395 46.
889 2326 1225 2395 Joannes
1286 2344 1426 2394 rex
1486 2324 1843 2414 episcopo
1904 2327 2131 2413 atque
2189 2324 2559 2395 ecclesiae
2622 2322 2916 2392 Olomu-

529 2431 738 2503 censi
783 2429 1036 2501 omnia
1079 2428 1504 2518 privilegia
1548 2430 1963 2502 confirmat.

1448 2564 1643 2648 1323,
1690 2567 1754 2631 4.
1805 2561 2008 2650 sept.

738 2721 876 2786 Nos
922 2720 1268 2787 Johannes
1315 2719 1396 2785 D.
1444 2740 1540 2804 gr.
1591 2721 1664 2787 B.
1713 2727 1783 2787 et
1828 2719 1900 2787 P.
1947 2738 2068 2788 rex
2113 2737 2191 2785 ac
2240 2719 2313 2784 L.
2361 2735 2596 2785 comes.

740 2825 982 2891 Notum
1027 2824 1307 2890 facimus
1354 2825 1690 2892 universis
1735 2830 1871 2891 tam
1922 2822 2388 2908 praesentibus
2432 2841 2625 2904 quam
2656 2821 2923 2904 futuris,

533 2931 707 3012 quod
755 2930 1258 2996 considerantes
1304 2934 1566 2996 attente
1613 2930 1768 2997 fidei
1814 2937 1885 2996 et
1918 2929 2295 2996 dilectionis
2344 2926 2687 3009 affectum,
2726 2943 2921 3006 quem

533 3053 670 3102 rev.
719 3035 1058 3101 Conradus
1093 3035 1548 3102 Olomucensis
1590 3033 1959 3118 episcopuS,
2012 3033 2321 3116 princeps
2355 3037 2587 3098 noster
2618 3032 2926 3112 dilectuS,

534 3141 619 3205 ad
666 3138 1126 3206 celsitudinem
1174 3144 1470 3206 nostram
1517 3139 1731 3223 gessit
1775 3138 2201 3205 laudabiliter
2246 3137 2571 3204 hactenus
2620 3141 2692 3202 et
2746 3134 2925 3218 gerit

533 3243 964 3310 laudabiliter
1007 3243 1075 3309 in
1122 3242 1485 3327 praesenti,
1533 3263 1612 3310 ac
1659 3243 1935 3326 proinde
1982 3243 2282 3310 volentes
2330 3242 2460 3308 sibi
2521 3245 2591 3307 et
2650 3245 2927 3322 propter

532 3348 750 3430 ipsum
806 3347 1130 3415 ecclesiae
1191 3367 1353 3415 suae
1416 3347 1833 3415 Olomucensi
1894 3347 2262 3430 condignae
2326 3343 2760 3429 gratitudinis
2823 3362 2927 3410 re-

536 3452 780 3532 pendia
827 3451 1173 3518 exhibere:
1223 3451 1533 3533 episcopo
1580 3458 1652 3518 et
1698 3450 2027 3519 ecclesiae
2073 3449 2398 3532 praefatis
2444 3466 2670 3514 omnes
2726 3447 2923 3514 liber-

536 3559 736 3640 tateS,
782 3555 1234 3623 immunitates
1281 3562 1350 3623 et
1397 3557 1653 3640 gratias
1701 3575 1780 3622 ac
1818 3558 1975 3640 jura
2021 3573 2469 3636 quaecumque
2513 3553 2821 3635 episcopo
2856 3559 2929 3618 et

539 3659 760 3726 dictae
808 3660 1133 3727 ecclesiae
1191 3680 1273 3727 ac
1333 3661 1622 3743 capitulo
1672 3660 2093 3729 olomucensi
2140 3679 2261 3742 per
2314 3659 2530 3725 felicis
2577 3657 2928 3724 memoriae

540 3765 869 3844 quondam
915 3782 1109 3848 reges
1157 3765 1488 3848 Boemiae,
1552 3771 1819 3831 nostros
1868 3767 2439 3846 praedecessores,
2500 3763 2745 3830 collata
2806 3780 2924 3828 seu

541 3885 878 3951 concessa,
925 3886 1009 3934 ex
1055 3875 1244 3935 certa
1287 3875 1520 3936 nostra
1567 3870 1850 3936 scientia
1896 3867 2323 3950 ratificamus,
2374 3869 2817 3948 approbamus
2848 3883 2929 3932 ac

543 3973 744 4038 etiam
777 3971 1253 4058 confirmamuS,
1278 3974 1554 4041 firmiter
1577 3974 2048 4056 promittentes
2072 3973 2203 4055 ipsi
2229 3970 2539 4054 episcopo
2565 3975 2636 4037 et
2667 3989 2931 4038 succes-

541 4075 801 4142 soribus
849 4077 1009 4162 ejus,
1055 4077 1599 4146 Olomucensibus
1648 4079 1995 4161 episcopis,
2043 4096 2122 4143 ac
2171 4075 2495 4144 ecclesiae
2541 4076 2929 4157 praedictae

541 4179 912 4262 huJusmodi
979 4182 1352 4267 libertates,
1419 4183 1869 4250 immunitates
1939 4189 2007 4248 et
2076 4182 2331 4267 gratias
2400 4200 2479 4247 ac
2532 4179 2688 4262 jura
2747 4181 2931 4246 nullo

542 4302 846 4366 umquam
893 4291 1190 4368 tempore
1237 4287 1620 4374 infringere,
1654 4291 1773 4356 sed
1804 4287 2027 4371 potius
2056 4304 2323 4369 semper
2352 4286 2651 4351 volumus
2682 4283 2935 4352 dictum
