3288 4973
1520 396 1910 457 -402—

720 596 849 649 List
884 612 910 650 s
949 597 1107 651 zlatd
1145 596 1285 651 bulii
1323 597 1534 651 ciesaie
1572 596 1766 665 Karia,
1803 602 1869 650 ze
1909 596 2089 651 ciesai'
2124 596 2384 651 Fridrich
2434 597 2578 651 deva
2625 596 2910 653 vladisla-

511 681 641 737 vovi
678 680 931 737 kniezeti
966 684 1105 751 pred
1144 684 1546 739 korunovanim
1582 682 1707 750 plat
1737 682 1894 737 rocus
1917 700 1992 738 na
2015 683 2362 739 kniezetstvi
2387 684 2580 750 polske
2607 700 2641 737 a
2665 684 2910 753 slezske,

511 785 547 824 a
582 776 682 825 ten
716 770 841 837 plat
868 772 990 840 jest
1018 769 1125 840 jim
1161 770 1437 838 odpusten
1473 784 1508 824 a
1546 787 1615 823 za
1651 777 1711 824 to
1749 783 1809 825 se
1845 768 2072 837 poddali
2109 787 2142 824 v
2167 769 2446 825 manstvie
2473 770 2618 825 krali
2645 772 2909 825 coskemn

510 874 545 910 a
580 856 713 911 toho
744 856 865 926 jest
910 856 1089 911 ciesai·
1130 854 1298 911 Karel
1336 856 1597 925 potvrdil.
1640 858 1790 909 1355.

712 1084 865 1152 368.
915 1080 1283 1170 Stephani
1322 1081 1623 1152 comitis
1659 1079 1985 1168 palatini
2015 1080 2326 1151 litterae
2357 1079 2908 1167 obligatoriae.

1138 1205 1332 1273 1355.
1380 1206 1486 1272 20.
1535 1202 1860 1290 Aprilis.
1909 1202 2267 1287 (Prisen.)

710 1324 837 1379 List
892 1311 1137 1393 Stepfina
1189 1323 1482 1393 falckrabi‚
1540 1324 1716 1379 kdez.
1742 1325 1888 1391 sebe,
1948 1324 2143 1379 dedice
2179 1325 2200 1377 i
2239 1324 2444 1379 buduci
2486 1325 2584 1379 sve
2623 1326 2910 1395 zavazuje

506 1412 707 1468 eiesaii
777 1412 1025 1481 Karlovi,
1080 1412 1329 1467 dedicom
1385 1411 1406 1465 i
1464 1411 1740 1480 buducim,
1799 1418 1866 1466 ze
1919 1414 2082 1466 neme
2133 1412 2406 1480 kupovati
2453 1428 2486 1465 v
2532 1411 2676 1465 zemi
2737 1414 2912 1466 ceske

500 1500 752 1555 zadneho
788 1502 1005 1566 zamku‚
1061 1502 1256 1567 mesta,
1308 1502 1608 1569 mestecka,
1660 1500 1752 1553 aui
1805 1500 2037 1555 ktereho
2089 1500 2428 1556 sluzebneho
2479 1500 2578 1554 bez
2632 1500 2904 1565 povolem‘

502 1588 821 1641 zvlastm'ho
864 1588 1151 1655 piijimati.

710 1692 831 1778 (A.
876 1689 974 1763 K.
1021 1730 1107 1743 -
1150 1693 1367 1779 Luniq
1430 1692 1483 1758 I.
1547 1716 1601 1757 n.
1667 1689 1791 1760 CL.
1855 1728 1934 1742 —
1994 1691 2257 1757 Dobner
2310 1691 2426 1760 IV.
2487 1728 2571 1738 -—
2641 1690 2906 1753 Brandl,

521 1796 684 1864 Vm.
731 1797 907 1882 301.)

706 2040 857 2106 369.
964 2036 1383 2107 Conventio
1472 2036 1796 2108 Joannis
1887 2036 2102 2123 regis
2183 2036 2647 2108 Francorum
2728 2057 2902 2108 cnm

500 2138 777 2210 Carolo
820 2143 1213 2211 renovata.

1322 2246 1515 2322 1355,
1562 2264 1819 2314 mense
1868 2244 2071 2315 Maii.

705 2382 899 2437 Ciesai·
937 2380 1126 2450 Karel,
1164 2384 1333 2449 cesky
1372 2384 1511 2453 kral,
1548 2384 1819 2453 znvazuje
1859 2383 2053 2439 dedice
2079 2383 2098 2437 i
2125 2383 2332 2438 buddei
2357 2382 2516 2437 krale
2543 2386 2714 2438 ceske
2743 2384 2894 2440 krali

495 2468 865 2541 francskemu,
902 2468 1151 2526 dedicom
1186 2468 1206 2524 i
1245 2470 1505 2526 buducim
1542 2470 1756 2525 kralom
1791 2470 2130 2537 francskym.

705 2595 751 2660 J
754 2611 1001 2661 oannes
1054 2595 1120 2658 D.
1165 2615 1259 2676 gr.
1308 2594 1714 2660 Francorum
1761 2612 1900 2662 rex.
1947 2595 2192 2659 Notum
2239 2595 2518 2662 facimus
2550 2595 2894 2662 universis

493 2701 633 2766 tam
681 2699 1149 2780 praesentibus
1196 2717 1391 2778 quam
1435 2695 1702 2780 futuris,
1748 2699 1922 2778 quod
1970 2699 2146 2764 sicut
2183 2699 2435 2780 pridem
2465 2699 2690 2765 animo
2723 2700 2894 2766 deli·

493 2804 745 2884 berato,
816 2804 969 2869 dum
1037 2802 1257 2868 adhuc
1330 2819 1627 2868 essemus
1704 2805 1774 2867 in
1849 2801 2214 2868 minoribus
2291 2803 2662 2885 constituti,
2739 2823 2892 2871 cum

493 2907 920 2973 serenissimo
994 2906 1298 2988 principe
1374 2905 1609 2972 Carolo
1686 2904 1822 2986 IV.,
1899 2907 2126 2972 divina
2191 2905 2468 2973 favente
2529 2907 2893 2974 clementia

492 3009 934 3078 Romanorum
980 3010 1392 3092 Imperatore
1438 3031 1489 3076 s.
1535 3027 1592 3075 a.
1640 3017 1713 3077 et
1761 3009 2069 3077 Boemiae
2125 3029 2284 3092 rege
2343 3009 2609 3094 illustri,
2667 3011 2894 3080 fratre

494 3121 723 3181 nostro
769 3114 1299 3197 praecarissimo‚
1344 3116 1467 3180 sub
1513 3133 1688 3180 anno
1735 3114 1979 3180 domini
2029 3119 2212 3197 1347,
2276 3115 2430 3180 dum
2475 3115 2695 3181 adhuc
2737 3116 2894 3198 ipse

496 3219 564 3285 in
606 3219 970 3286 minoribus
1016 3219 1424 3284 constitutus
1470 3217 1664 3300 foret,
1696 3236 1815 3300 pro
1847 3219 2038 3285 nobis
2069 3236 2327 3285 necnon
2356 3217 2512 3284 filiis
2545 3224 2617 3284 et
2647 3217 2888 3288 liberis

492 3325 761 3405 nostris,
807 3323 1125 3392 videlicet
1170 3322 1423 3406 Oarolo,
1470 3321 1910 3404 primogenito
1950 3328 2199 3405 nostro,
2231 3323 2400 3388 duce
2429 3321 2890 3392 Normandiae

493 3433 566 3494 et
610 3428 920 3509 delphino
966 3427 1350 3508 Viennensi,
1408 3431 1479 3491 et
1522 3425 1848 3508 Philippo,
1910 3427 2369 3509 ultimogenito
2431 3422 2682 3510 nostro,
2737 3434 2890 3495 tum

490 3532 754 3599 ratione
801 3530 1250 3615 genealogiae,
1297 3534 1433 3594 tum
1484 3530 1745 3596 ratione
1792 3529 2285 3596 sincerissimae
2319 3530 2716 3614 dilectionis
2745 3549 2888 3612 qua

491 3655 842 3718 personam
888 3637 1099 3717 ipsius
1146 3653 1230 3700 ex
1274 3634 1517 3700 affectu
1564 3634 1826 3700 sincero
1873 3634 2351 3720 prosequimur,
2392 3634 2667 3701 foedera
2699 3636 2892 3706 circu.

491 3740 967 3823 colligationes,
1030 3739 1499 3821 promissiones
1547 3745 1616 3805 et
1663 3739 1936 3805 uniones
1985 3739 2314 3823 inivimuS‚
2377 3745 2578 3822 prout
2638 3739 2890 3809 literae

488 3847 801 3925 utrinque
847 3846 1047 3911 datae
1096 3846 1383 3924 desuper
1429 3841 1676 3908 clarius
1724 3849 2172 3910 attestantur:
2209 3844 2308 3908 sic
2339 3849 2410 3909 et
2439 3861 2614 3910 nnnc
2645 3847 2890 3913 eadem

490 3950 811 4029 promissa
858 3954 929 4014 et
974 3947 1391 4030 colligantias
1453 3948 1539 4013 ad
1600 3947 1819 4014 instar
1864 3947 2376 4028 praemissorum
2420 3945 2766 4015 foederum
2815 3950 2894 4017 in

486 4054 633 4135 Dei,
682 4053 1041 4118 salvatoris
1088 4051 1319 4133 nostri,
1366 4054 1644 4133 nomine,
1705 4069 1824 4133 pro
1885 4052 2341 4118 consolatione
2400 4069 2760 4136 regnorum
2809 4061 2886 4120 et

487 4163 681 4240 grata
727 4155 943 4223 salute
990 4156 1438 4238 subjectorum
1478 4157 1668 4223 nobis
1702 4175 1783 4222 ex
1817 4165 2100 4238 utraque
2132 4161 2327 4238 parte
2358 4156 2670 4240 fidelium,
2703 4158 2886 4226 sieut

484 4280 569 4328 ex
600 4260 1157 4344 praecedentibus
1190 4257 1408 4344 pactis
1440 4261 1568 4325 rite
1602 4261 1866 4340 quidem
1901 4259 2119 4326 teneri
2158 4261 2654 4343 dignoscuntur,
2687 4261 2878 4328 inno·

484 4384 735 4449 vamuS,
781 4365 1115 4431 firmamus
1162 4373 1231 4429 et
1279 4365 1798 4445 corroboramus,
1840 4366 1963 4429 sub
1996 4363 2340 4429 tenoribus
2373 4360 2550 4428 iufra
2581 4363 2880 4446 scriptis.
