3288 4973
32 370 60 415 :Q

32 422 70 463 ⁵1:

32 476 64 511 ,ιζ
145 496 154 503 ·

32 564 90 621 Ξ

32 624 60 659 ι’,Ί
69 624 84 655 ξ

32 716 82 845 E?
95 818 112 835 .,

32 838 84 927 {³4

32 980 76 1055 ’ἓξ
117 990 120 995 ’
145 1012 148 1015 ’

1509 311 1857 385 *15*

691 522 757 596 6.
810 482 1256 614 Homagium
1323 523 1663 597 civitatis
1714 523 2223 597 Gurzimensis
2299 522 2620 598 Hem-ico
2704 524 2868 615 regi

484 630 946 719 praestitum.

1315 716 1542 803 1308,
1588 717 1713 787 21.
1760 714 2033 788 Martii.

689 860 876 943 Quod
923 878 1040 925 nos
1075 857 1498 925 serenissimo
1531 864 1602 925 et
1635 858 1976 925 carissimo
2010 860 2292 943 dominc,
2338 859 2598 926 domino
2630 866 2860 928 nostro

492 962 807 1045 HenricO,
833 964 1193 1030 Bohemiae
1225 968 1295 1029 et
1325 963 1643 1030 Poloniae
1692 964 1867 1047 1·egi,.
1901 963 2051 1029 duci
2097 964 2484 1032 carinthiae
2532 970 2601 1030 et
2647 964 2870 1032 comiti

483 1067 746 1150 TiroliS,
829 1074 902 1133 et
960 1067 1204 1134 illustri
1288 1067 1590 1133 dominae
1670 1067 1905 1133 Annae
1974 1069 2336 1135 Bohemiae
2410 1074 2481 1135 et
2554 1068 2867 1137 Poloniae

481 1173 774 1255 reginae,
833 1171 1128 1239 consorti
1189 1190 1366 1256 suae,
1429 1192 1509 1237 ac
1554 1171 1799 1238 futuris
1846 1160 2205 1239 heredibus
2252 1172 2407 1255 suis
2455 1172 2511 1238 si
2558 1192 2720 1255 quos
2768 1173 2864 1239 eis

481 1276 672 1353 Simul
719 1275 1072 1343 clementia
1117 1275 1346 1343 divina
1393 1275 1763 1358 donaverit,
1809 1294 1941 1341 non
1986 1276 2217 1353 coacti¹
2251 1295 2376 1343 nec
2420 1278 2489 1343 vi
2536 1283 2651 1344 aut
2683 1284 2860 1344 metu

479 1379 700 1459 aliquo
747 1379 1018 1463 inducti,
1065 1382 1183 1447 sed
1229 1382 1403 1446 bona
1451 1381 1663 1445 libera
1708 1385 1778 1446 et
1824 1386 2195 1462 spontanea
2240 1380 2585 1447 voluntate
2617 1386 2867 1464 nostra,

479 1483 655 1549 omni
731 1483 984 1565 fraude,
1057 1483 1206 1549 dolo
1277 1483 1462 1566 ma10,
1553 1484 1920 1567 occasione,
2010 1502 2210 1550 causa
2286 1490 2357 1551 et
2433 1486 2865 1553 excusatione

479 1587 886 1667 quibuslibet
918 1588 1226 1671 exclusis,
1259 1588 1713 1668 praestitimus
1760 1588 2107 1655 fidelitatis
2153 1588 2446 1655 debitum
2494 1608 2867 1657 sacramen-

483 1706 635 1775 tum,
681 1692 1149 1774 promittentes
1195 1697 1424 1759 nostro
1473 1698 1542 1759 et
1590 1694 1907 1759 heredum
1956 1698 2331 1759 nostrorum
2363 1694 2644 1777 nomine,
2690 1696 2863 1775 quod

477 1796 692 1877 ipsum
756 1796 1080 1863 dominum
1141 1796 1502 1863 Henricum
1562 1805 1633 1863 et
1698 1798 1981 1864 heredes
2048 1816 2203 1863 suos
2258 1796 2537 1881 futuroS,
2594 1798 2649 1864 si
2696 1816 2863 1879 quos

479 1918 622 1966 cum
701 1900 1050 1983 praedicta
1117 1900 1380 1967 domina
1425 1903 1625 1966 Anna
1685 1902 1921 1985 regina
1988 1907 2223 1969 nostra
2290 1902 2622 1984 habuerit,
2698 1920 2861 1983 quos

477 2022 738 2070 exnunc
799 2022 996 2088 reges
1043 2004 1399 2072 Bohemiae
1469 2014 1540 2071 et
1602 2004 1899 2071 dominos
1958 2012 2223 2073 nostros
2285 2024 2481 2073 veros
2527 2026 2607 2073 ac
2652 2006 2873 2091 legiti-

474 2126 617 2173 mos
668 2126 818 2175 esse
863 2110 1242 2191 asserimus,
1275 2128 1392 2191 pro
1453 2108 1705 2175 nostris
1767 2108 2047 2176 dominis
2092 2112 2341 2177 habere
2388 2114 2710 2192 perpetuo
2758 2131 2868 2177 vo-

477 2213 707 2295 lumus,
753 2218 828 2279 et
874 2213 970 2279 eis
1018 2232 1098 2279 ac
1145 2213 1418 2280 cuilibet
1462 2214 1774 2297 ipsorum,
1821 2213 1934 2294 qui
1981 2234 2099 2295 pro
2145 2219 2444 2295 tempore
2490 2233 2697 2298 regno
2744 2216 2867 2282 Bo-

477 2316 738 2383 hemiae
787 2316 1175 2401 praefuerit,
1222 2317 1495 2398 obsequi
1569 2318 1978 2401 obedienter,
2046 2322 2355 2400 prompte
2420 2322 2489 2385 et
2558 2320 2873 2401 fideliter,

475 2420 770 2502 ipsisque
816 2424 1044 2488 astare
1092 2426 1163 2486 et
1209 2439 1322 2489 eos
1369 2426 1602 2488 contra
1650 2439 1905 2488 omnem
1947 2422 2271 2489 hominem
2302 2422 2549 2506 juvare,
2583 2429 2861 2505 quanto·

477 2545 754 2606 cumque
814 2531 884 2591 et
945 2525 1486 2606 quotiescumque
1533 2527 2016 2607 mandaverint,
2086 2526 2249 2592 totis
2312 2527 2561 2594 nostris
2608 2528 2862 2596 viribus

459 2635 680 2709 atque
742 2648 956 2712 posse,
1019 2635 1089 2694 et
1149 2629 1310 2694 nihil
1373 2635 1608 2696 cont-ra
1655 2629 1836 2712 ipsos
1888 2637 2007 2696 aut
2054 2647 2281 2696 eorum
2346 2630 2632 2711 aliquem
2698 2650 2865 2699 nun-

476 2752 671 2813 quam
729 2735 1079 2802 occasione
1139 2736 1246 2800 vel
1307 2752 1512 2800 causa
1573 2740 1931 2816 acceptare
1992 2735 2095 2800 vel
2157 2733 2382 2802 facere
2427 2753 2548 2817 per
2594 2755 2711 2804 nos
2755 2738 2861 2804 vel

477 2838 675 2903 alium
723 2844 842 2905 aut
887 2839 1070 2922 alioS,
1115 2840 1322 2905 verbo
1370 2839 1478 2904 vel
1521 2837 1719 2922 fact0‚
1766 2839 2029 2920 publice
2074 2837 2186 2907 vel
2230 2841 2505 2906 occulte.

683 2943 763 3008 In
795 2945 1007 3028 ‘cujus
1076 2941 1530 3026 promissionis
1595 2948 1867 3010 nostrae
1936 2942 2387 3010 testimonium
2460 2949 2852 3027 praesentes

475 3048 740 3114 litteras
787 3047 1006 3132 sigillo
1054 3047 1352 3115 civitatis
1399 3051 1673 3113 nostrae
1718 3048 2021 3113 duximus
2070 3047 2478 3131 sigillandas,

682 3170 928 3236 Datum
973 3169 1040 3234 in
1089 3169 1359 3236 Gurzim
1422 3188 1477 3234 a.
1524 3169 1602 3235 D.
1658 3174 1841 3253 1308,
1888 3169 2034 3236 Kal.
2080 3169 2290 3251 April.
2336 3169 2711 3238 Indictione
2744 3171 2858 3238 VI.

685 3291 893 3378 (Inter
937 3289 1297 3376 PrIvileqia
1339 3291 1513 3376 req-2⁸8
1558 3299 1619 3354 et
1650 3292 1835 3376 requi
1862 3291 2188 3359 Boemiw.
2219 3289 2313 3360 A.
2342 3288 2437 3362 Κ.
2468 3329 2555 3340 -
2587 3292 2866 3358 Goldaet

473 3391 806 3480 Supplem.
854 3395 990 3463 XX.
1035 3432 1120 3444 -
1165 3393 1384 3458 Emlcr
1427 3394 1513 3461 Π.
1561 3391 1787 3480 2172.)

689 3584 754 3656 7.
805 3585 1234 3658 Fridericus
1297 3585 1454 3656 dux
1519 3585 1881 3656 Austriae
1954 3584 2340 3658 renuntiat
2399 3585 2742 3658 Boemiae
2786 3590 2863 3658 et

477 3690 858 3762 moraviae
899 3690 979 3761 in
1022 3690 1358 3762 favorem
1402 3688 1739 3761 Heinrici
1784 3689 1993 3778 regis
2038 3689 2279 3762 electi.

1272 3791 1499 3882 1308,
1551 3793 1673 3865 14.
1719 3794 2074 3881 Augusti.

685 3961 1002 4017 Fridericus
1038 3960 1150 4015 dux
1187 3961 1449 4016 Austriae
1486 3961 1776 4016 renuntiat
1812 3960 2063 4015 omnibus
2094 3959 2316 4030 juribus
2346 3960 2519 4029 „alles
2546 3960 2644 4016 des
2672 3959 2861 4015 rechts

479 4050 588 4106 vnd
625 4049 724 4104 der
774 4049 1116 4118 Anspruech,
1169 4047 1262 4104 die
1313 4061 1373 4102 er
1423 4045 1524 4102 het
1559 4047 1694 4102 oder
1729 4045 1981 4118 gebaben
2020 4045 2206 4102 mocht
2242 4061 2314 4101 an
2352 4047 2479 4102 dem
2516 4047 2857 4116 Chuuigrich

477 4153 547 4192 zu
585 4137 794 4192 Behem
841 4137 952 4191 vnd
1001 4152 1071 4190 an
1120 4135 1243 4189 dem
1281 4134 1472 4189 Laude
1509 4149 1573 4188 ze
1613 4133 1871 4188 Met-hem
1920 4150 2028 4187 von
2067 4133 2215 4187 sines
2255 4134 2354 4189 sel.
2411 4141 2603 4189 vaters
2642 4149 2856 4202 wegen,

477 4225 640 4278 wilen
681 4223 898 4294 Chunig
947 4223 1242 4277 Albrechts
1299 4237 1404 4276 von
1459 4221 1596 4275 Rom
1743 4263 1752 4273 .
1810 4220 1943 4275 oder
1991 4237 2101 4276 von
2148 4220 2297 4277 sines
2360 4221 2623 4276 brueders
2660 4236 2865 4290 wegen,

478 4311 641 4366 wilen
681 4310 898 4380 Chunig
933 4309 1165 4365 Rudolfs
1205 4325 1310 4362 von
1349 4309 1573 4376 Belum,
1611 4307 1745 4362 oder
1780 4323 1888 4361 von
1923 4307 2027 4361 den
2068 4307 2434 4378 Lantherren,
2456 4308 2589 4362 oder
2626 4324 2733 4362 von
2770 4307 2868 4360 der
