3288 4973
1444 391 1832 451 ——491—

645 594 799 663 489.
862 592 1250 663 Attestum
1315 610 1549 679 super
1605 590 1890 662 castris
1962 589 2377 661 Parkstein
2438 594 2516 661 et
2578 588 2827 663 Carlo-

438 695 649 765 wnld
693 699 918 785 atque
963 694 1244 784 oppido
1291 694 1632 766 Weiden.

1241 838 1439 922 1361,
1484 838 1596 905 30.
1643 835 1696 907 J
1698 834 2022 905 aunarii.

644 982 833 1039 Vsech
890 982 1251 1039 korferstuov
1310 1000 1386 1039 na
1443 991 1504 1038 to
1567 983 1859 1051 povolenie
1919 1000 1954 1039 a
2007 983 2337 1053 potvrzenie
2399 980 2523 1051 (lat.
2577 998 2611 1036 a
2662 982 2834 1050 nem.)

437 1069 676 1125 Vsickni
737 1071 1088 1127 korferstove
1143 1070 1409 1141 privoluji
1461 1072 1500 1125 k
1555 1072 1616 1125 te
1671 1070 1859 1127 smine
1913 1088 1947 1126 a
2000 1071 2133 1126 toho
2184 1070 2467 1139 potvrznji
2521 1086 2548 1123 s
2602 1068 2831 1135 dobrym

436 1158 781 1227 rozmyslem‚
835 1157 1170 1228 pripojnjice
1223 1157 1528 1213 Parkstein
1574 1174 1609 1213 a
1660 1156 1981 1213 Karlswald
2016 1174 2045 1211 s
2081 1158 2316 1212 mestem
2365 1154 2587 1223 Weydn
2632 1153 2829 1211 ciesafi

435 1242 668 1298 Karlovi
697 1244 932 1312 jakozto
967 1244 1116 1299 krssi
1153 1246 1414 1299 coskemn
1453 1243 1689 1299 deditus
1727 1261 1761 1299 a
1798 1246 1833 1298 k
1872 1246 2095 1299 komne.

646 1384 972 1452 Gerlacus
1033 1384 1116 1450 D.
1175 1404 1273 1468 gr.
1333 1402 1385 1449 S.
1451 1384 1623 1468 Mog.
1683 1384 1863 1451 sedis
1908 1384 2469 1466 archiepiscopus»,
2518 1403 2567 1449 s,
2611 1382 2663 1449 Ι.
2709 1400 2833 1465 per

435 1487 870 1555 Germaniam
913 1487 1560 1555 archicancellarius,

643 1592 892 1659 Notum
936 1592 1216 1659 facimus
1262 1598 1498 1659 tenore
1543 1591 2000 1673 praesentium
2056 1592 2410 1672 universis,
2457 1594 2633 1673 quod
2681 1610 2831 1658 cnm

435 1694 906 1763 serenissimus
974 1716 1052 1762 ac
1121 1696 1606 1763 invictissimus
1679 1696 1991 1779 princeps
2042 1704 2111 1763 et
2156 1696 2480 1778 dominus»,
2524 1696 2828 1763 dominus

433 1801 717 1867 Carolus
763 1800 878 1867 IV.
927 1802 988 1867 d.
1033 1800 1074 1869 f.
1123 1802 1201 1867 cl.
1266 1802 1452 1867 Rom.
1500 1802 1663 1881 Imp.
1716 1821 1767 1867 s,
1813 1820 1870 1866 a.
1918 1808 1989 1868 et
2033 1802 2108 1867 B.
2170 1819 2291 1867 rex
2351 1800 2654 1884 illustris,
2715 1803 2825 1867 do-

432 1904 649 1971 minus
695 1909 930 1971 noster
973 1906 1329 1988 gratiosae,
1375 1904 1519 1971 zelo
1566 1905 1853 1985 amorosi
1884 1905 2184 1989 affectuS‚
2216 1924 2412 1985 quem
2443 1907 2529 1971 ad
2562 1924 2824 1973 sacrum

431 2010 800 2075 Romanum
867 2008 1226 2091 Imperium
1297 2014 1364 2075 et
1424 2027 1705 2093 regnum
1752 2014 1823 2075 et
1869 2028 2179 2075 coronam
2240 2009 2558 2076 Boemiae
2605 2010 2821 2076 animo

433 2115 610 2197 gerit
683 2113 992 2195 sollicito,
1066 2132 1186 2196 pro
1264 2119 1693 2195 utrorumque
1771 2114 2203 2180 incrementis
2271 2113 2597 2195 felicibuS‚
2643 2114 2823 2181 infra

430 2220 751 2301 scriptam
798 2218 1356 2301 permutationem
1401 2218 1632 2285 inierit
1664 2222 1735 2285 et
1767 2218 2041 2284 eandem
2098 2218 2567 2300 Imperialibus
2597 2218 2821 2285 literis

429 2324 572 2389 suis
616 2322 1004 2390 firmaverit.
1049 2323 1320 2389 Illarum
1368 2330 1567 2389 tenor
1611 2327 1719 2389 est
1764 2322 1832 2389 in
1878 2323 2045 2389 haec
2090 2324 2327 2390 verba:

641 2454 1171 2540 (lustramentum
1231 2454 1377 2519 dolo.
1441 2452 1975 2539 Normberqemie
2040 2452 2227 2538 1360,
2293 2455 2353 2522 5.
2426 2452 2818 2523 Decembris.

437 2559 595 2624 Vide
639 2581 699 2626 n.
747 2557 903 2643 481)

636 2691 1069 2758 attendentes
1140 2709 1344 2770 supra
1411 2689 1731 2771 scriptam
1796 2691 2347 2771 permutationem
2404 2693 2490 2756 ad
2550 2692 2826 2774 Imperii

430 2795 606 2861 sacri
667 2795 980 2861 honorem
1040 2800 1112 2860 et
1163 2793 1328 2859 felix
1387 2799 1834 2877 augmentum,
1890 2813 2148 2861 necnon
2195 2814 2314 2876 pro
2373 2797 2703 2861 commodo
2752 2801 2823 2864 et

429 2899 650 2966 salute
695 2898 889 2982 regni
935 2902 1006 2964 et
1050 2917 1337 2964 coronae
1382 2897 1456 2964 B.
1505 2903 1640 2962 tam
1692 2897 1953 2964 solicite
2002 2918 2194 2978 quam
2250 2900 2587 2982 sagaciter
2646 2919 2820 2966 ema·

429 3021 646 3084 nasse,
701 3003 900 3069 sicuti
948 3004 1030 3068 de
1074 3003 1200 3068 hoc
1261 3020 1384 3082 per
1439 3001 1566 3068 fide
1631 3003 1867 3086 dignos
1929 3007 1999 3068 et
2060 3004 2331 3070 idoneos
2375 3005 2816 3089 inspectores

429 3125 594 3186 quos
673 3107 759 3174 ad
826 3108 952 3171 hoc
1019 3107 1519 3190 providendum,
1584 3117 1817 3172 nostra
1878 3113 1948 3173 et
2007 3107 2285 3174 aliorum
2354 3108 2819 3187 coelectorum,

428 3210 1033 3278 ecclesiasticorum
1093 3216 1165 3275 et
1222 3210 1614 3276 secularium
1681 3210 2067 3294 principum,
2126 3213 2596 3278 transmiserat
2656 3213 2817 3279 deli-

425 3318 666 3383 berata
740 3313 1050 3396 provisio,
1141 3313 1532 3380 clarissimis
1623 3333 1847 3380 sumus
1936 3314 2372 3382 relationibus
2456 3314 2815 3400 informati,

428 3418 640 3485 eidem
689 3417 1180 3499 permutationi,
1247 3417 1795 3499 appropriationi,
1859 3418 2232 3500 annexioni,
2293 3420 2821 3504 inviscerationi,

425 3524 718 3604 decreto,
777 3520 1177 3602 inhibitioni,
1239 3526 1496 3588 statuto
1559 3522 1996 3606 derogationi,
2044 3541 2405 3604 poenarum
2452 3523 2818 3605 adjectioni

424 3643 548 3692 nec
593 3645 726 3692 non
772 3625 1071 3691 omnibus
1119 3631 1192 3690 et
1237 3625 1516 3709 singulis
1565 3628 1649 3691 ab
1697 3625 1801 3691 his
1846 3631 1917 3693 et
1961 3645 2183 3692 eorum
2240 3627 2539 3707 quolibet
2570 3630 2815 3710 depen-

427 3730 758 3811 dentibuS,
817 3729 998 3795 sicut
1061 3727 1360 3795 seriatim
1421 3729 1732 3810 superius
1794 3731 2275 3812 exprimuntur,
2344 3732 2532 3797 velut
2597 3733 2813 3799 archi-

424 3834 776 3916 episcopus
823 3832 1374 3916 Moguntinensis,
1419 3832 1597 3898 sacri
1640 3833 1912 3916 Imperii
1958 3855 2079 3917 per
2123 3835 2545 3902 Germaniam
2594 3837 2812 3905 archi-

423 3935 867 4003 cancellarius
937 3941 1008 4001 et
1076 3936 1386 4018 princeps
1454 3937 1723 4018 elector,
1788 3939 2005 4005 animo
2074 3939 2449 4005 deliberato
2518 3946 2589 4006 et
2648 3959 2809 4007 sano

426 4041 874 4121 praecedente
920 4039 1196 4105 consilio
1258 4041 1712 4106 consensimus
1778 4048 1847 4107 et
1906 4043 2194 4108 animum
2253 4047 2549 4109 nostrum
2612 4047 2811 4112 bene-

421 4145 644 4210 volum
703 4143 1172 4224 praesentibus
1231 4144 1642 4226 adhibemuS,
1708 4147 2137 4227 eademquem
2197 4146 2415 4212 omnia
2472 4152 2541 4212 et
2588 4165 2813 4216 eorum
2878 4185 2889 4194 -

425 4245 770 4327 quodlibet
815 4247 884 4313 in
931 4248 1230 4313 omnibus
1277 4248 1416 4314 suis
1465 4247 1754 4332 punctis,
1809 4249 2136 4332 articuliS,
2198 4251 2571 4333 sententiiS,
2631 4257 2819 4320 teno-

424 4351 612 4418 ribus
663 4354 733 4416 et
778 4351 1096 4418 clausulis
1152 4354 1235 4418 de
1283 4355 1489 4418 verbo
1551 4354 1639 4417 ad
1702 4358 1975 4421 verbum
2038 4360 2237 4436 prout
2298 4361 2451 4420 sunt
2500 4373 2820 4436 expressa
