3288 4973
1492 339 1840 400 ...65-

670 541 818 609 Hoc
892 561 1231 627 expresso,
1322 544 1497 622 quod
1571 541 1629 608 si
1700 541 2112 623 praedictum
2177 541 2586 627 Ladislaum,
2653 545 2858 614 filium

460 653 783 730 nostrum,
828 653 989 713 ante
1034 649 1143 714 vel
1191 655 1343 731 post
1389 647 1639 714 obitum
1689 655 1988 712 nostrum
2035 647 2341 714 habendo
2406 648 2686 716 liberum
2746 651 2856 717 vel

459 750 711 816 liberos
756 753 1103 824 masculos,
1150 755 1473 820 decedere
1519 750 1694 817 forte
1740 751 2182 834 contingeret,
2233 753 2408 818 idem
2467 753 2644 820 filius
2707 754 2851 822 sive

458 852 581 919 filii
646 853 718 920 in
785 875 993 940 regno
1074 857 1465 941 Hungariae
1540 857 1930 936 supradicto
2005 857 2372 923 succedere
2433 858 2738 941 debeant,
2787 865 2858 925 et

453 959 673 1040 ipsum
718 979 999 1045 regnum
1044 964 1129 1029 ad
1178 981 1311 1045 603,
1357 969 1427 1029 et
1472 979 1604 1028 non
1649 963 1736 1027 ad
1782 961 1967 1043 aliOS,
2013 959 2159 1027 iure
2204 961 2611 1028 hereditario
2646 963 2851 1044 perti-

456 1062 665 1129 nebit.
711 1065 786 1130 Si
834 1083 991 1134 vero
1036 1066 1491 1148 saepedictum
1536 1063 1742 1130 filium
1786 1072 2086 1130 nostrum
2133 1065 2440 1132 habendo
2485 1064 2688 1132 filiam
2745 1066 2851 1132 vel

452 1165 627 1234 filias
644 1169 809 1234 mori
828 1171 1266 1254 contingeret,
1292 1188 1373 1236 ex
1392 1177 1552 1236 tunc
1568 1169 1716 1251 ipsa
1737 1169 1848 1235 vel
1871 1169 2058 1251 ipsae
2080 1169 2273 1235 iuxta
2296 1171 2845 1238 consuetudinem

452 1271 668 1354 ipsius
730 1273 1119 1360 Hungariae
1164 1278 1587 1342 observatam
1634 1275 1996 1342 succedere
2043 1278 2114 1340 et
2159 1274 2541 1340 hereditare
2587 1277 2852 1342 debent.

664 1376 737 1444 Si
784 1397 945 1445 vero
991 1381 1405 1461 praedictum
1450 1380 1654 1447 filium
1698 1381 1998 1445 nostrum
2045 1378 2190 1445 31116
2236 1378 2390 1445 111113
2437 1381 2549 1446 vel
2585 1377 2847 1446 filiabus

453 1483 537 1546 de
586 1481 711 1547 hac
758 1482 906 1550 luce
948 1484 1239 1568 migrare
1294 1484 1734 1568 contingeret,
1779 1488 1942 1550 tunc
1973 1484 2364 1566 supradicta
2394 1484 2608 1568 Anna,
2639 1503 2845 1552 nurus

450 1591 707 1668 nostra,
751 1591 1099 1668 utrumque
1148 1589 1533 1656 dotalicium
1577 1587 1954 1671 praefatum
1992 1605 2198 1668 usque
2231 1589 2316 1653 ad
2349 1593 2624 1654 mortem
2655 1606 2841 1655 suam

450 1690 733 1770 pacifice
764 1693 1150 1772 possidebit.
1196 1695 1301 1760 Ea
1344 1712 1505 1760 vero
1551 1693 1886 1776 defuncta,
1935 1693 2282 1774 praedicta
2327 1691 2394 1756 X
2438 1692 2645 1758 millia
2675 1711 2843 1759 mar-

454 1812 683 1860 carum
718 1813 840 1878 per
890 1797 1304 1878 praedictum
1350 1799 1408 1864 d
1458 1817 1684 1882 regem
1730 1797 2040 1862 Boemiae
2088 1796 2302 1863 eidem
2348 1797 2604 1878 Annae,
2667 1796 2846 1864 filiae

454 1917 639 1980 suae,
706 1900 969 1966 nomine
1038 1901 1331 1968 dotalitii
1376 1902 1726 1984 assignata
1773 1903 1860 1966 ad
1905 1903 2182 1966 eundem
2231 1903 2301 1966 et
2345 1900 2628 1966 heredes
2687 1918 2844 1968 suos

446 2002 663 2069 libere
706 2008 1173 2084 revertantur3
1220 2004 1493 2087 ipseque
1540 2005 1596 2070 d.
1647 2006 1720 2070 B.
1766 2022 1888 2070 rex
1933 2023 2013 2069 ac
2043 2005 2325 2070 heredes
2359 2003 2466 2069 sui
2496 2003 2844 2085 praedicta

444 2109 621 2174 bona
678 2109 1117 2190 praescripta,
1178 2127 1351 2190 quae
1412 2127 1529 2190 pro
1590 2106 1792 2174 dictis
1851 2107 1918 2172 X
1977 2107 2264 2173 millibus
2319 2125 2690 2174 marcarum
2751 2145 2836 2154 -—

446 2210 653 2276 fuerit
698 2229 781 2276 ex
827 2211 1093 2295 integro
1138 2209 1561 2278 satisfactum
1610 2209 1736 2297 (sic
1754 2209 1816 2296 l).

658 2313 1003 2396 Quumque
1048 2334 1169 2397 per
1212 2335 1352 2397 1103,
1396 2317 1680 2382 heredes
1728 2333 1808 2380 ac
1853 2331 2278 2380 successores
2323 2321 2608 2396 11631163,
2640 2331 2836 2398 reges

447 2418 858 2503 Hungariae,
907 2420 965 2484 d.
1012 2418 1157 2503 regi
1204 2419 1278 2485 Β.
1324 2420 1434 2485 vel
1472 2419 1830 2484 heredibus
1865 2418 2004 2483 suis
2036 2418 2418 2484 memoratis
2451 2418 2842 2502 saepedicta

446 2522 517 2587 X
557 2523 767 2589 millia
812 2542 1181 2589 marcarum
1226 2525 1295 2589 in
1342 2524 1687 2607 praedicta
1737 2523 2016 2590 ciuitate
2063 2528 2295 2589 nostra
2327 2523 2838 2590 Trenchiniensi

446 2633 798 2695 numerata
842 2627 1096 2694 fuerint
1142 2634 1213 2693 et
1262 2628 1481 2694 soluta
1512 2633 1581 2694 et
1614 2628 1858 2693 abinde
1891 2646 2098 2707 usque
2131 2628 2216 2692 ad
2249 2632 2460 2693 metas
2495 2628 2838 2694 Moraviae

447 2750 531 2797 ex
560 2738 756 2813 parte
788 2738 1020 2799 nostra
1051 2733 1157 2801 vel
1182 2750 1637 2799 successorum
1668 2737 2044 2799 nostrorum
2081 2730 2568 2814 praedictorum
2600 2750 2837 2799 secure

447 2838 793 2917 conducta,
839 2842 1001 2905 tunc
1051 2838 1395 2919 praedicta
1440 2840 1615 2902 bona
1657 2839 1910 2903 debent
1977 2856 2126 2903 6336
2199 2836 2410 2901 libera
2471 2841 2543 2901 et
2589 2835 2837 2917 soluta3

446 2958 701 3021 nosque
764 2960 881 3023 pro
941 2942 1191 3008 nostris
1256 2940 1616 3023 terrigenis
1679 2941 2143 3024 promittimuS,
2222 2941 2397 3019 quod
2457 2940 2705 3005 nullum
2768 2940 2836 3005 in

447 3044 661 3125 ipsius
707 3045 1027 3127 pecuniae
1061 3046 1456 3112 deductione
1490 3044 2028 3127 impedimentum
2061 3045 2521 3126 praestabunt.

656 3150 805 3217 Hoc
850 3150 1051 3216 etiam
1100 3148 1487 3232 specialiter
1534 3156 1639 3215 est
1679 3150 2078 3231 adiunctum,
2111 3148 2284 3229 quod
2316 3146 2372 3213 si
2407 3164 2528 3228 per
2557 3152 2834 3213 mortem

444 3253 859 3337 alterutrim,
882 3254 1198 3322 videlicet
1224 3253 1520 3319 Ladislai
1542 3258 1610 3319 et
1629 3255 1868 3320 Annae
1886 3253 2392 3334 praedictorum,
2425 3252 2534 3317 vel
2561 3256 2834 3334 propter

443 3356 905 3425 difficultatem
951 3358 1300 3441 praefatae
1346 3357 1866 3439 dispensationis
1915 3356 2286 3441 praefatum
2347 3355 2831 3421 matrimonium

438 3481 574 3528 11011
618 3468 847 3545 posset
892 3464 1185 3546 legitime
1232 3464 1684 3545 consummari,
1731 3468 1894 3528 tunc
1941 3480 2067 3528 nec
2097 3480 2216 3527 nos
2249 3478 2372 3525 nec
2405 3460 2830 3541 supradictus

440 3586 563 3635 rex
609 3568 683 3634 B.
731 3569 815 3633 ad
866 3566 1253 3634 solvendum
1299 3566 1674 3634 dotalitium
1723 3567 1968 3632 erimus
2031 3563 2343 3649 obligati;
2407 3562 2830 3630 nihilominus

439 3680 669 3739 tamen
700 3674 859 3739 unio
889 3672 1264 3739 dilectionis
1298 3677 1366 3737 et
1396 3671 1751 3757 amicitiae,
1785 3678 1854 3737 et
1888 3672 2103 3737 omnia
2122 3670 2272 3753 alia,
2291 3688 2461 3750 quae
2480 3667 2833 3751 praedicta

435 3782 619 3861 sunt,
666 3780 913 3844 debent
960 3792 1080 3858 per
1124 3794 1245 3842 nos
1294 3780 1361 3841 et
1408 3778 1864 3859 saepedictum
1913 3794 2132 3858 regem
2187 3774 2501 3839 Boemiae
2555 3771 2830 3839 iuviola-

434 3882 671 3949 biliter
716 3882 1082 3949 observari.

648 3984 937 4067 Insuper
990 3985 1049 4051 si
1109 4001 1337 4066 regem
1382 3984 1456 4049 B.
1505 3986 1964 4067 supradictum
2027 3984 2336 4050 claudere
2407 3982 2833 4066 contingeret

430 4092 612 4157 diem
671 4094 1054 4173 extremum,
1128 4092 1290 4154 tunc
1350 4106 1471 4153 nos
1530 4106 1808 4173 regnum
1872 4088 2181 4156 Boemiae
2245 4106 2371 4154 nec
2426 4106 2557 4154 non
2617 4087 2830 4169 ipsius

430 4194 632 4279 regni
676 4194 960 4261 heredes
1006 4190 1427 4275 supradictos
1474 4212 1623 4260 cum
1670 4194 1970 4261 omnibus
2017 4193 2222 4259 terris
2271 4186 2352 4258 et'
2384 4190 2640 4259 iuribus
2689 4192 2828 4257 suis

429 4298 505 4364 111
554 4302 849 4365 nostram
897 4298 1375 4381 protectionem
1422 4299 1816 4381 recipiemus
1864 4305 1935 4365 et
1982 4298 2196 4379 ipsum
2231 4316 2311 4363 ac
2340 4314 2566 4364 omnes
2600 4295 2825 4362 defen-

546 4434 693 4477 Codex
715 4439 798 4490 jur.
832 4438 932 4481 boh.
964 4440 1017 4483 11,
1049 4445 1087 4483 1.
2585 4418 2618 4469 ὅ
