3288 4973
1406 401 1487 410 -—
1537 369 1661 428 333
1711 402 1792 410 —

390 579 463 637 et
527 591 567 638 a
634 591 877 638 corona
957 573 1147 654 regni
1212 573 1283 636 B.
1349 571 1678 654 praedicti
1735 561 1805 638 in
1863 569 2131 638 feudum
2197 588 2342 634 cum
2404 567 2651 636 debitis
2717 571 2789 632 et

396 677 735 742 consuetis
782 675 1357 757 solempnitatibus
1408 682 1477 742 et
1524 675 1917 742 ceremoniis
1973 679 2366 740 reverenter
2426 673 2788 754 suscipere,

397 781 720 860 nobisque
794 797 875 846 ac
950 778 1149 845 dictis
1216 779 1572 846 heredibus
1640 791 1711 845 et
1778 776 2278 846 successoribus
2347 795 2428 842 ac
2497 791 2785 842 coronae

399 881 744 966 praefatae
790 891 1125 964 tamquam
1174 883 1371 964 veria
1426 883 1784 950 ordinariis
1847 889 1918 950 et
1977 880 2396 948 naturalibus
2459 897 2539 946 ac
2599 879 2786 945 here-

399 987 662 1053 ditariis
707 986 987 1053 dominis
1034 989 1170 1054 suis
1218 991 1629 1054 tenebuntur
1676 995 1740 1054 et
1785 988 2032 1053 debent
2063 985 2428 1060 fidelitatiS,
2478 983 2790 1067 homagii,

404 1090 837 1174 subjectionis
906 1097 978 1157 et
1042 1092 1484 1174 obedientiae,
1552 1093 1728 1158 sicut
1793 1091 1862 1158 in
1943 1091 2367 1172 susceptione
2442 1087 2780 1154 feodorum

402 1201 783 1263 consuetum
831 1207 937 1261 est
968 1197 1130 1276 fieri,
1163 1199 1249 1263 ad
1280 1197 1497 1262 instar
1529 1199 2113 1277 praedecessorum
2147 1213 2427 1260 suorum.
2460 1194 2787 1274 quondam

400 1299 848 1366 marchionum
896 1299 1153 1384 ibidem,
1202 1308 1548 1380 praestare
1596 1309 1667 1365 et
1711 1299 1938 1366 facere
1982 1299 2358 1379 corporalia
2393 1298 2788 1364 iuramenta.

400 1405 671 1484 Nosque
730 1405 1012 1471 heredes
1060 1414 1129 1470 et
1176 1423 1599 1472 successores
1661 1404 1890 1482 nostri,
1953 1405 2026 1470 B.
2089 1421 2302 1487 regeS,
2369 1403 2782 1484 praedictum

396 1506 671 1574 fratrem
717 1515 1034 1593 nostrum,
1082 1509 1362 1574 heredes
1412 1514 1480 1574 et
1527 1509 1932 1590 proheredes
1967 1508 2198 1590 ipsiuS,
2234 1507 2644 1573 marchiones
2682 1503 2782 1586 M„

400 1617 730 1693 tamquam
764 1611 929 1678 alios
960 1613 1151 1696 regni
1181 1619 1253 1678 et
1282 1631 1567 1678 coronae
1619 1613 1953 1694 principes
1987 1619 2057 1678 et
2083 1609 2374 1677 vasallos
2397 1611 2482 1677 ab
2515 1625 2786 1690 oppres-

400 1717 713 1799 sionibus,
773 1717 1109 1783 violentiis
1172 1726 1243 1782 et
1299 1717 1559 1800 injuriis
1622 1715 1979 1783 defendere
2039 1715 2412 1782 tenebimur
2473 1721 2542 1778 et
2589 1709 2780 1777 tueri.

614 1873 757 1940 VII.
788 1873 881 1939 Et
912 1875 1214 1954 quamvis
1248 1877 1331 1940 de
1362 1877 1508 1941 iure
1540 1875 1862 1940 communi
1893 1883 1962 1940 et
1989 1876 2272 1956 positivo
2302 1879 2585 1955 constat,
2609 1871 2784 1952 quod

404 1979 655 2044 vasallo
695 1996 824 2042 non
864 1978 1119 2044 relictis
1144 1979 1458 2060 legitimis
1483 1979 1829 2045 masculini
1853 1997 2050 2044 sexus
2077 1979 2431 2044 heredibus
2458 1976 2781 2042 moriente

399 2081 663 2148 feudum
712 2084 794 2148 de
841 2082 944 2148 sui
990 2089 1233 2148 natura
1300 2085 1385 2148 ad
1446 2083 1656 2164 ipsius
1713 2082 1895 2150 feudi
1959 2084 2287 2149 dominum
2343 2084 2522 2166 justo
2589 2078 2783 2144 titulo

398 2191 797 2262 revertatur,
846 2192 1065 2252 tamen
1113 2194 1187 2252 ut
1234 2187 1346 2255 via
1393 2189 1848 2255 dubietatibus
1896 2195 1966 2254 et
1996 2187 2386 2268 calumpniis
2442 2185 2784 2267 praecludi

402 2291 643 2372 valeat,
711 2291 985 2358 consilio
1032 2294 1281 2360 saniori
1340 2296 1854 2376 pronuntiamus,
1921 2291 2275 2360 diffinimus
2336 2296 2404 2357 et
2469 2308 2784 2372 praesen·

392 2395 573 2460 tibus
621 2395 1055 2479 declaramuS‚
1100 2405 1177 2462 ut
1222 2399 1529 2477 quotiens
1577 2399 1826 2464 dictum
1872 2398 2150 2464 fratrem
2207 2401 2501 2462 nostrum
2553 2394 2776 2480 (quem

392 2500 577 2567 Deus
612 2500 999 2586 custodiat),
1046 2503 1326 2568 heredes
1361 2510 1478 2569 aut
1514 2505 1917 2587 proheredes
1949 2522 2104 2568 suos
2141 2507 2390 2583 absque
2421 2499 2775 2567 masculini

394 2622 595 2671 sexus
620 2606 975 2672 heredibus
1000 2608 1418 2689 contingeret
1449 2609 1792 2691 decedere,
1825 2610 1999 2688 quod
2031 2608 2523 2672 marchionatus
2559 2605 2774 2670 Mora-

396 2702 549 2774 viae
596 2708 981 2790 praedictus
1027 2714 1115 2777 ad
1145 2730 1289 2787 nos,
1324 2712 1603 2779 heredes
1636 2713 1782 2779 sive
1814 2730 2238 2779 successores
2270 2716 2556 2790 nostros
2588 2728 2780 2791 reges

383 2812 815 2894 .Boemiae,et
838 2814 1134 2880 eiusdem
1165 2816 1356 2898 regni
1391 2834 1698 2881 coronam
1731 2820 1982 2897 absque
2016 2815 2410 2882 difficultate
2435 2814 2646 2879 libere
2679 2832 2785 2879 re-

400 2926 728 3001 vertatur,
745 2936 999 2997 nosque
1020 2925 1091 2985 et
1114 2920 1277 2986 dicti
1304 2921 1584 2986 heredes
1606 2922 1748 2986 sive
1774 2938 2196 2987 successores
2218 2920 2448 3002 nostri,
2477 2918 2784 2984 Boemiae

398 3041 611 3106 regeS,
658 3020 765 3087 vel
812 3024 988 3089 alter
1032 3042 1275 3108 eorum,
1304 3025 1419 3105 qui
1452 3043 1569 3105 pro
1600 3032 1898 3106 tempore
1931 3024 2150 3106 fuerit,
2183 3024 2348 3091 dicti
2383 3021 2778 3089 marchionis

397 3126 711 3193 heredum
758 3142 827 3193 et
875 3128 1313 3210 proheredum
1360 3148 1622 3195 suorum
1669 3128 1859 3210 filias,
1929 3130 1984 3194 si
2032 3146 2196 3209 quas
2245 3137 2399 3210 post
2459 3148 2531 3192 se
2591 3126 2776 3191 dimi-

400 3230 629 3314 serint,
675 3233 761 3297 ad
806 3238 1056 3298 statum
1102 3234 1414 3299 ordinare
1460 3236 1807 3301 decentem
1867 3238 1934 3299 et
1989 3252 2215 3298 earum
2278 3232 2571 3313 cuilibet,
2629 3232 2781 3296 dum

400 3336 812 3402 matrimonio
844 3338 1196 3418 copulatae
1226 3336 1493 3420 fuerint,
1540 3358 1581 3403 a
1616 3339 1725 3404 die
1755 3346 2246 3404 consummatae
2280 3339 2572 3418 copulae,
2604 3334 2780 3401 infra

398 3458 595 3505 unum
640 3460 885 3507 annum
932 3444 1390 3508 decurrentem
1444 3444 1778 3524 continu0,
1838 3445 1922 3508 de
1985 3445 2213 3509 decem
2274 3443 2539 3509 milibus
2608 3460 2778 3506 mar-

402 3563 621 3611 carum
688 3548 949 3627 argenti
996 3564 1375 3630 grossorum
1440 3548 1878 3631 Pragensium
1947 3548 2326 3629 pagamenti
2385 3546 2634 3630 regalis
2696 3547 2778 3610 de

402 3650 697 3729 pecuniis
744 3652 1013 3733 hernae,
1056 3669 1229 3731 quae
1276 3653 1358 3716 ob
1392 3654 1670 3717 eandem
1702 3670 1969 3718 causam
1999 3653 2070 3718 in
2101 3653 2561 3717 marchionatu
2593 3667 2782 3732 prae-

401 3752 574 3819 dicto
619 3754 985 3821 instaurari
1032 3756 1317 3835 debebit,
1366 3760 1441 3820 ut
1486 3755 1650 3821 iuris
1712 3764 1817 3821 est
1866 3764 1936 3822 et
1981 3760 2380 3822 observatae
2426 3762 2778 3820 consuetu-

406 3857 593 3939 dinis,
646 3858 1019 3924 tenebimur
1065 3860 1437 3940 providere.

606 4014 793 4081 VIII.
823 4014 1213 4081 Adicientes
1259 4017 1341 4081 de
1376 4016 1701 4098 singulari
1730 4035 2000 4083 munere
2033 4018 2289 4097 gratiae
2338 4014 2668 4097 specialis,
2700 4016 2783 4080 ob

402 4118 579 4185 illum
653 4126 887 4201 gratae
956 4120 1367 4187 sinceritatis
1434 4121 1763 4201 affectum,
1831 4140 1958 4201 quo
2021 4122 2434 4201 praedictum
2502 4118 2779 4184 fratrem

404 4230 693 4291 nostrum
748 4224 1053 4289 favorose
1102 4224 1616 4307 complectimur,
1663 4232 1738 4290 ut
1781 4226 2088 4305 quotiens
2135 4244 2273 4305 nOS,
2333 4224 2616 4290 heredes
2664 4228 2784 4288 aut

405 4346 820 4395 successores
846 4341 1127 4406 nost1·oS‚
1159 4348 1356 4412 reges
1390 4329 1718 4410 Boemiae,
1758 4348 1887 4395 non
1922 4330 2174 4395 relictis
2206 4328 2552 4395 masculini
2585 4346 2786 4393 sexus
