3288 4973
1546 310 1932 372 —398—

540 517 928 598 principum,
1003 517 1319 580 baronum
1394 519 1465 578 et
1541 514 1854 580 nobilium
1933 513 2120 595 regni
2197 515 2270 580 B.
2343 515 2670 596 praedicti
2741 535 2911 598 prae-

534 622 775 708 sentia,
820 619 1025 684 tactis
1074 617 1513 700 corporaliter
1560 618 2015 684 sacrosanctis
2077 619 2434 700 scripturis
2499 621 2918 702 evangelicis,

534 733 890 806 antequam
937 725 1019 789 de
1064 723 1369 788 manibus
1418 741 1640 789 vener.
1691 723 2011 805 Pragens.
2061 723 2545 805 archiepiscopi
2593 742 2712 792 seu
2761 725 2919 790 alte-

531 833 673 897 rius
720 831 1171 912 episcoporum
1222 826 1412 910 regni
1461 829 1537 893 Β.
1570 826 1878 909 praefati,
1910 833 2282 893 nostrorum
2321 829 2714 911 principum,
2745 848 2918 896 coro·

530 935 675 1001 nati
748 933 1001 1000 fuerint
1076 950 1196 998 seu
1272 949 1532 997 sacram
1601 931 1856 1016 regiam
1919 932 2340 1014 susceperint
2397 934 2792 1016 unctionem,
2852 943 2918 1001 et

530 1037 897 1121 praedictis
946 1036 1197 1121 poeniS,
1258 1035 1533 1102 inflictis
1612 1055 1732 1102 seu
1792 1055 1921 1102 non
1967 1035 2240 1102 inflictis
2287 1035 2510 1122 (sicl);
2579 1039 2922 1120 praedicta

531 1143 962 1210 nihilominus
1008 1142 1079 1208 in
1122 1159 1241 1207 suo
1292 1143 1531 1208 robore
1574 1147 2029 1222 perseverent.

738 1247 1104 1312 Praeterea
1148 1245 1451 1311 omnibus
1484 1252 1553 1310 et
1588 1245 1872 1328 singulis
1905 1246 1974 1310 in
2007 1245 2374 1326 praedictis
2405 1245 2629 1324 terriS‚
2662 1248 2920 1328 castris,

530 1351 939 1432 civitatibus,
985 1348 1463 1416 munitionibus
1508 1359 1581 1416 et
1614 1349 2044 1430 pertinentiis
2078 1349 2528 1416 residentibus
2565 1369 2684 1416 seu
2713 1351 2914 1432 perti·

525 1456 839 1522 nentibus
871 1457 956 1521 ad
1000 1457 1290 1532 easdem,
1320 1454 1447 1518 hac
1482 1453 1758 1519 edictali
1791 1455 1938 1536 lege
1973 1454 2310 1520 Caesarea
2340 1454 2718 1521 districtius
2748 1454 2911 1521 inhi-

525 1563 775 1642 bemuS,
834 1578 919 1626 ne
988 1559 1153 1641 quis,
1215 1559 1664 1642 cujuscunque
1741 1558 2144 1624 conditionis
2217 1558 2489 1640 existat,
2563 1559 2916 1626 occasione

526 1665 907 1730 debitorum
952 1681 1070 1728 seu
1118 1663 1601 1743 qualiscunque
1649 1661 1928 1727 alterius
1978 1679 2224 1728 causae
2268 1661 2334 1727 in
2384 1663 2572 1729 bonis
2631 1663 2908 1729 alterius

521 1767 949 1848 auctoritate,
994 1768 1123 1833 imo
1168 1766 1395 1833 verius
1452 1764 1840 1832 temeritate
1887 1766 2160 1848 propria
2203 1765 2483 1848 pignora
2528 1775 2910 1847 praesumat

522 1873 856 1955 accipere,
903 1871 1033 1936 nisi
1080 1871 1203 1936 hoc
1252 1889 1470 1936 coram
1519 1871 1770 1935 nostris
1809 1870 2147 1954 judicibus
2209 1869 2732 1952 provincialibus
2795 1891 2907 1954 per

519 1975 930 2042 definitivam
978 1975 1384 2040 sententiam
1431 1973 1802 2040 obtinuisse
1849 1979 2201 2056 noscatur;
2246 1975 2432 2058 cujus
2493 1982 2715 2043 tamen
2763 1997 2906 2044 sen·

518 2081 775 2146 tentiae
813 2079 1044 2163 vigore
1076 2080 1161 2144 ad
1195 2077 1646 2159 receptionem
1678 2077 2024 2161 pignorum
2057 2078 2358 2144 nolumus
2389 2079 2614 2160 aliqua
2645 2082 2902 2148 ratione

518 2185 807 2266 procedi,
849 2185 979 2249 nisi
1011 2185 1077 2249 in
1112 2183 1495 2264 praesentia
1521 2181 1860 2266 judicialis
1895 2183 2129 2264 nuntii,
2163 2201 2356 2263 quem
2387 2187 2602 2249 nostri
2629 2185 2906 2272 Judices‚

511 2307 787 2369 quorum
805 2286 1207 2370 interfuerit,
1222 2289 1308 2353 ad
1326 2287 1786 2354 executionem
1811 2287 2042 2353 talium
2067 2287 2381 2353 duxerint
2404 2287 2889 2356 destinandum.

722 2391 1162 2458 Habitatores
1208 2391 1410 2456 etiam
1456 2390 1672 2456 nostri
1733 2391 2002 2457 dominii
2065 2391 2398 2472 praedicti
2445 2398 2515 2458 et
2563 2395 2896 2474 pertinen·

510 2497 752 2563 tiarum
798 2497 1029 2583 ipsiuS,
1090 2496 1198 2561 vel
1245 2497 1355 2577 qui
1404 2504 1650 2576 castra,
1712 2496 2129 2573 munitiones,
2190 2497 2428 2579 curia-S,
2491 2498 2721 2565 domus
2783 2505 2900 2566 aut

510 2602 970 2684 possessiones
996 2601 1239 2667 ibidem
1266 2600 1647 2681 habuerint,
1663 2618 1793 2665 non
1812 2603 2107 2668 audeant
2129 2601 2668 2683 praesumptione
2696 2611 2896 2671 teme·

508 2707 690 2771 raria
734 2708 1059 2772 adversus
1108 2712 1329 2771 terras
1376 2712 1447 2770 et
1488 2704 1782 2770 dominia
1828 2712 2058 2771 nostra
2103 2723 2184 2770 ac
2227 2705 2677 2786 pertinentias
2707 2709 2899 2790 regni

508 2812 719 2877 nostri
757 2811 828 2877 B.
855 2809 1097 2893 aliqua,
1130 2809 1394 2890 quaein
1420 2810 1726 2876 damnum
1760 2828 1875 2876 seu
1912 2809 2327 2889 dispendium
2361 2811 2556 2895 regni
2585 2811 2894 2895 ejusdem,

507 2915 995 2999 regnicolarum
1034 2923 1105 2978 et
1137 2922 1467 2979 terrarum
1500 2931 1780 2995 vergere
1814 2918 2108 2997 possent,
2139 2914 2630 2993 quomodolibet
2659 2921 2892 2982 attem-

509 3028 737 3101 ptare;
770 3020 930 3085 nulli
964 3017 1167 3083 etiam
1200 3017 1430 3083 talium
1456 3016 1900 3084 habitantium
1924 3036 2044 3085 seu
2065 3016 2548 3103 possidentium
2572 3020 2762 3102 bona,
2789 3040 2894 3087 res

509 3130 580 3188 et
628 3124 901 3205 praedia
948 3123 1016 3187 in
1053 3122 1253 3187 terris
1293 3128 1544 3187 nostris
1574 3122 1958 3204 praedictam,
1991 3121 2256 3188 etiamsi
2285 3122 2449 3187 talia
2480 3123 2902 3199 hereditatis,

504 3226 941 3307 proprietatis
988 3244 1107 3292 seu
1156 3226 1393 3306 quovis
1440 3226 1571 3291 alio
1618 3227 1816 3292 titulo
1871 3227 2311 3309 possiderent,
2362 3226 2588 3307 aliqua
2631 3230 2894 3297 ratione

498 3330 706 3395 liceat
738 3332 819 3396 de
843 3332 1034 3397 bonis
1060 3337 1131 3396 et
1154 3334 1352 3397 rebus
1378 3330 1646 3412 talibus,
1679 3330 1829 3395 sitis
1861 3330 1929 3396 in
1962 3329 2282 3396 limitibus
2315 3331 2530 3397 nostri
2561 3334 2890 3415 praedicti

494 3434 784 3517 dominii,
830 3453 902 3501 se
950 3434 1150 3500 alicui
1204 3433 1405 3500 alteri
1467 3436 1748 3515 domino,
1802 3436 1989 3518 cujus
2056 3435 2257 3499 etiam
2319 3436 2885 3515 praeeminentiae

496 3558 615 3605 seu
670 3539 1043 3606 nobilitatis
1106 3538 1375 3621 existat,
1437 3538 1861 3620 vassellagio‚
1917 3538 2217 3621 homagio
2279 3545 2399 3604 aut
2457 3540 2588 3605 alio
2649 3544 2884 3621 quovis

498 3643 695 3709 titulo
730 3644 1081 3728 subjicere,
1112 3646 1480 3723 sub-poena
1514 3642 1908 3723 perditionis
1942 3641 2224 3707 omnium
2259 3644 2576 3709 bonorum
2598 3662 2885 3731 suorum,

496 3765 665 3827 quae
711 3756 871 3813 tunc
916 3747 1237 3828 temporis
1283 3748 1353 3812 in
1397 3747 1648 3813 nostris
1696 3746 1894 3811 terris
1942 3754 2012 3811 et
2057 3747 2360 3812 dominiis
2408 3747 2762 3816 obtineret.

706 3852 799 3919 Ut
830 3850 1032 3917 etiam
1062 3858 1305 3932 terrae,
1338 3850 1671 3932 civitates,
1703 3852 2124 3934 munitiones»,
2157 3856 2384 3917 castra
2415 3859 2486 3916 et
2513 3850 2662 3916 loca
2695 3872 2885 3934 prae·

496 3956 680 4019 dicta
726 3973 806 4020 eo
855 3955 1148 4021 uberiori
1192 3954 1643 4037 prosperitate
1691 3957 2042 4039 gaudeant,
2103 3972 2230 4037 quo
2278 3956 2579 4021 virtuosa
2617 3957 2886 4039 justitia

494 4059 744 4126 fuerint
770 4059 1254 4125 deliberatione
1278 4059 1566 4125 virtuosi
1584 4057 1904 4141 principis
1925 4059 2255 4126 attentius
2278 4058 2632 4142 custodita,
2662 4062 2886 4129 decer·

492 4162 707 4227 nimus
733 4170 803 4228 et
828 4164 953 4229 hoc
974 4162 1194 4227 edicto
1216 4162 1544 4228 Caesareo
1568 4162 1871 4228 duximus
1895 4170 2220 4243 perpetuo
2241 4165 2690 4243 statuendum,
2712 4166 2880 4247 quod

487 4266 705 4333 nullus
753 4266 1063 4347 princeps
1111 4266 1363 4331 elector
1410 4284 1527 4331 seu
1574 4266 1750 4331 alter
1799 4266 2128 4348 princepS,
2193 4268 2344 4351 dux,
2398 4283 2636 4351 comeS,
2699 4272 2880 4351 baro,
