3288 4973
1364 363 1754 424 —351—

567 567 704 633 Nos
750 565 957 650 igitur
1004 567 1294 647 praefati
1340 567 1530 650 regni
1580 565 1891 630 Boemiae
1941 564 2360 644 approbatae
2407 569 2478 626 et
2523 561 2752 626 lauda-

354 669 587 736 biliter
631 673 1031 738 observatae
1079 671 1546 737 consuetudini
1590 687 1716 734 nec
1747 686 1878 733 non
1911 665 2314 732 ordinationi
2349 666 2755 748 praedictae,

348 794 551 856 quam
584 775 933 858 praefatus
965 773 1265 842 dominus
1298 781 1546 856 noster,
1578 773 1881 839 dominus
1913 772 1961 838 J
1963 788 2213 836 oannes
2247 770 2402 837 olim
2445 773 2752 844 Boemiae

348 897 475 945 rex
498 879 857 945 memoriae
886 877 1303 960 recolendae,
1337 877 1617 960 provida
1651 875 2138 942 deliberatione
2161 873 2414 956 pridem
2439 878 2756 965 instituit,

342 1001 701 1049 assensum
748 986 1073 1065 praebere
1119 984 1423 1049 volentes
1471 987 1541 1047 et
1588 981 1862 1047 debitae
1908 979 2257 1046 fidelitatis
2303 983 2639 1063 obsequiis
2673 1005 2754 1053 ac

348 1087 742 1154 obedientia
801 1087 1001 1154 solita
1064 1105 1141 1154 eo
1198 1086 1605 1153 ferventium
1669 1086 2040 1166 inhaerere,
2099 1083 2315 1150 animo
2364 1087 2752 1174 deliberato,

346 1210 484 1258 non
518 1209 640 1274 per
687 1209 978 1258 errorem
1026 1196 1146 1256 aut
1192 1191 1578 1272 improvide,
1612 1192 1730 1254 sed
1767 1188 2068 1254 omnibus
2103 1188 2278 1254 votis
2320 1195 2753 1262 communiter

346 1298 859 1362 accedentibus:

566 1427 615 1492 I.
664 1427 898 1492 Eidem
947 1425 1209 1491 domino
1258 1432 1485 1492 nostro
1538 1425 1936 1490 Wenceslao
1969 1423 2343 1507 hujusmodi
2368 1428 2752 1510 juramenta

346 1531 799 1613 corporaliter
844 1531 1306 1611 praestitimus
1354 1536 1425 1594 et
1470 1533 1908 1610 praestamus,
1970 1545 2093 1594 nec
2141 1546 2270 1594 non
2334 1533 2752 1611 promisimus

344 1640 418 1701 et
468 1635 919 1717 promittimus
966 1637 1139 1701 bona
1184 1642 1419 1700 nostra
1464 1635 1593 1700 fide
1643 1641 1712 1698 et
1758 1631 1902 1696 sine
1949 1633 2124 1698 omni
2167 1633 2335 1716 dolo,
2391 1654 2510 1716 pro
2541 1640 2750 1722 1101110,

344 1739 716 1807 heredibus
756 1745 827 1805 et
872 1739 1371 1806 successoribus
1417 1737 1669 1804 nostris
1710 1738 1782 1803 in
1812 1744 2225 1819 perpetuum,
2257 1741 2345 1805 ad
2376 1741 2751 1821 praefatum

342 1844 687 1910 dominum
734 1850 1033 1911 nostrum
1083 1843 1565 1923 Wenceslaum,
1610 1843 1682 1908 in
1731 1861 1890 1908 casu
1939 1841 2051 1906 ubi
2115 1841 2401 1909 fortasse
2463 1850 2749 1915 serenis-

342 1949 589 2014 simum
634 1949 965 2014 dominum
1015 1957 1327 2028 nostrum,
1374 1947 1751 2030 genitorem
1799 1946 2010 2027 ipsius
2059 1949 2278 2028 (quem
2326 1947 2510 2016 Deus
2549 1954 2750 2018 omni-

345 2061 597 2135 potens
645 2053 985 2120 custodire
1032 2051 1397 2138 dignetur),
1463 2053 1546 2116 ab
1594 2051 1720 2116 hac
1767 2049 1915 2117 luce
1959 2049 2248 2134 migrare
2311 2053 2750 2138 contingeret,

342 2158 729 2223 immediate
780 2159 1027 2222 habere
1075 2164 1475 2238 respectum,
1523 2155 1786 2235 sibique
1833 2160 2172 2235 tamquam
2234 2156 2376 2238 regi
2439 2159 2750 2226 Boemiae

342 2281 475 2327 nec
524 2280 653 2327 nou
704 2280 863 2327 vero
908 2261 1207 2345 legitimo
1257 2267 1327 2326 et
1371 2259 1669 2326 naturali
1733 2259 1993 2326 domino
2057 2265 2285 2326 nostro
2332 2261 2398 2327 in
2447 2265 2749 2331 omnibus

342 2374 419 2432 et
467 2367 752 2449 singulis
804 2383 1039 2447 parere
1086 2385 1167 2432 ac
1213 2366 1564 2431 intendere
1622 2371 1694 2430 et
1737 2367 1986 2444 absque
2049 2365 2258 2431 omnis
2319 2369 2747 2435 contradicti-

342 2470 517 2553 01110,
566 2469 1019 2553 impedimenti
1064 2490 1181 2536 seu
1231 2469 1650 2536 difficultatis
1698 2468 2043 2535 obstaculo
2107 2469 2398 2537 fideliter
2458 2473 2752 2541 obedire.

564 2592 651 2658 ΙΙ.
699 2593 1179 2659 Promittentes
1226 2591 1652 2658 nihilominus
1701 2594 1874 2657 bona
1921 2598 2152 2657 nostra
2199 2594 2346 2675 fide,
2395 2594 2542 2659 sine
2581 2597 2750 2679 dolo,

343 2716 467 2779 pro
520 2697 735 2780 nobie,
779 2698 1136 2763 heredibus
1184 2704 1253 2761 et
1300 2696 1803 2762 successoribus
1851 2697 2124 2779 nostris,
2169 2704 2246 2762 ut
2277 2698 2748 2784 praemittitur,

343 2804 582 2867 eadem
624 2802 1009 2885 juramenta
1057 2802 1431 2882 corporalia
1479 2802 1561 2866 de
1607 2802 1756 2878 fide,
1825 2801 2177 2883 legalitate
2239 2808 2308 2867 et
2369 2802 2751 2870 obedientia

344 2902 727 2988 servandiS,
773 2924 902 2972 000
951 2911 1229 2971 extante
1277 2904 1584 2985 praefato
1632 2905 1894 2970 domino
1938 2913 2167 2970 nostro
2207 2908 2596 2973 Wenceslao
2631 2927 2748 2974 suo

342 3010 809 3091 primogenito,
857 3010 963 3076 vel
1008 3010 1123 3075 illo
1172 3028 1301 3075 000
1362 3010 1702 3075 existente
1765 3009 2014 3074 seniori
2075 3028 2342 3075 suorum
2412 3012 2747 3094 heredum,

562 3131 683 3197 III.
753 3133 860 3197 vel
929 3133 1074 3212 ipso
1143 3134 1395 3209 absque
1466 3131 1824 3195 heredibus
1897 3132 2281 3213 decedente,
2363 3131 2559 3198 fratri
2627 3153 2746 3201 suo

343 3236 617 3318 seniori,
664 3237 723 3301 si
771 3255 963 3315 quem
1012 3235 1337 3315 habuerit,

560 3356 672 3422 IV.
704 3366 821 3423 aut
845 3357 957 3422 illo
984 3358 1371 3437 decedente,
1398 3356 1643 3422 seniori
1672 3357 1966 3421 eiusdem
1989 3355 2223 3422 fratris
2269 3358 2516 3429 heredi,
2549 3366 2618 3423 et
2648 3360 2746 3425 sic

342 3464 613 3529 demum
651 3462 922 3527 inantea
962 3460 1337 3527 senioribus
1376 3460 1701 3526 fratribus
1739 3479 1818 3525 ac
1859 3461 2189 3527 seniorum
2236 3460 2518 3527 fratrum
2573 3464 2744 3529 seni·

342 3567 574 3633 oribus
622 3564 974 3631 heredibus
1025 3564 1090 3630 in
1123 3565 1303 3631 linea
1335 3582 1533 3630 sexus
1573 3564 1918 3629 masculini
1963 3568 2377 3646 procedendo
2415 3568 2744 3653 continue,

560 3678 909 3752 praestare
977 3678 1047 3735 et
1118 3668 1557 3749 corporaliter
1624 3669 1850 3734 facere
1920 3669 2264 3751 perpetuis
2334 3672 2743 3752 temporibus

342 3774 679 3841 affuturis,

558 3878 1020 3944 Praesentium
1105 3880 1227 3943 sub
1314 3885 1586 3943 nostrae
1678 3878 1977 3942 civitatis
2063 3877 2278 3959 sigillo
2365 3880 2742 3945 testimonio

342 3983 745 4049 litterarum.

560 4122 803 4187 Datum
852 4172 1144 4188 .......
1193 4142 1249 4187 a.
1302 4122 1379 4187 D.
1432 4128 1597 4188 1350
1636 4122 1890 4205 jubileo
1940 4129 2064 4187 etc.

556 4258 645 4343 (E
685 4262 981 4343 copiario
1024 4259 1255 4344 privil.
1300 4262 1485 4345 requi
1531 4260 1838 4323 Boemiae
1887 4260 2110 4336 Pelzel,
2175 4258 2341 4323 Karl
2389 4260 2428 4322 I
2439 4260 2520 4343 V„
2591 4260 2741 4330 Urk.

342 4362 575 4430 LXIV.
622 4400 711 4412 —
754 4365 1017 4427 Ineunte
1064 4386 1229 4425 anno
1267 4364 1458 4443 1350,
1490 4366 1591 4433 17.
1628 4362 1972 4448 Ja‘nuare'i,
2005 4375 2200 4428 natus
2237 4374 2330 4427 est
2365 4362 2598 4429 Carolo
2633 4366 2747 4433 IV.
