3288 4973
1544 382 1632 394 ...
1677 349 1896 454 33...-

722 539 860 622 Nos
903 555 952 622 J
954 573 1222 639 oanneS,
1262 555 1343 621 D.
1390 575 1485 637 gr.
1529 555 1666 620 dux
1698 553 1957 620 Sleziae
1991 560 2062 622 et
2091 555 2389 622 dominus
2422 555 2790 640 Stinaviae,
2817 557 2908 622 ad

515 661 970 729 universorum
1018 659 1327 726 notitiam
1372 665 1605 725 tenore
1667 660 2120 742 praesentium
2178 660 2482 728 volumus
2527 661 2902 744 pervenire,

517 769 692 847 quod
736 783 855 831 nos
898 765 1382 831 deliberatione
1428 768 1692 830 matura
1738 769 1809 829 et
1849 764 2122 832 consilio
2156 764 2459 849 diligenti
2490 765 2906 849 praehabitO,

515 871 745 938 favore
790 889 1049 950 quoque
1107 875 1176 935 et
1238 887 1563 936 consensu
1624 868 1914 934 fidelium
1977 874 2046 935 et
2103 870 2460 936 amicorum
2524 875 2904 936 nostrorum

518 975 873 1058 expressis,
898 979 1195 1041 nostrum
1222 972 1702 1056 principaliter,
1726 974 2078 1059 hominum,
2104 973 2453 1042 civitatum
2479 978 2548 1040 et
2571 979 2902 1040 terrarum

516 1086 889 1146 nostrarum
959 1079 1487 1159 subscriptarum
1555 1079 1988 1144 attendentes
2045 1077 2406 1160 profectum
2473 1080 2750 1145 inantea
2831 1085 2902 1143 et

517 1185 939 1265 commodum,
972 1183 1153 1264 ipsas
1202 1189 1439 1266 terras,
1480 1182 1796 1250 civitates
1828 1187 2095 1248 nostras
2130 1187 2200 1248 et
2232 1189 2474 1266 castra,
2511 1181 2902 1268 Stynaviam

520 1287 852 1372 videlicet,
910 1287 1188 1369 Luebin,
1249 1285 1494 1352 Goram
1558 1286 1873 1353 civitates
1936 1305 2082 1352 cum
2147 1287 2388 1352 castris
2445 1287 2542 1352 eis
2597 1289 2902 1372 adjacen-

518 1392 696 1459 tibus
745 1399 813 1456 et
857 1395 1031 1459 bona
1076 1397 1307 1458 nostra
1352 1392 1505 1474 alia,
1551 1409 1985 1471 quaecunque
2017 1391 2430 1472 possidemus
2463 1392 2529 1456 in
2561 1391 2906 1472 praesenti

518 1498 626 1562 vel
698 1495 1075 1578 possessuri
1144 1515 1260 1560 seu
1331 1494 1625 1562 habituri
1712 1485 1937 1560 sumus
2014 1495 2408 1575 disponente
2485 1495 2763 1562 Domino
2839 1495 2906 1561 in

516 1599 761 1684 tutum,
829 1619 973 1668 cum
1044 1600 1345 1668 omnibus
1414 1600 1553 1666 suis
1612 1599 1897 1683 juribus,
1965 1599 2395 1665 libertatibus
2464 1607 2532 1664 et
2601 1599 2905 1682 dominio,

518 1705 756 1785 quibus
802 1727 843 1772 a
888 1707 1137 1772 uostris
1184 1707 1265 1770 ad
1315 1724 1434 1771 nos
1481 1710 1937 1785 pervenerunt
1982 1704 2629 1790 praedecessoribus,
2691 1723 2772 1770 ex
2825 1723 2905 1770 eo

518 1811 691 1889 quod
762 1811 1173 1893 magnificum
1234 1807 1611 1892 principem,
1680 1807 2009 1873 dominum
2068 1812 2370 1873 nostrum
2429 1807 2906 1890 charissimum,

516 1915 847 1980 dominum
872 1915 1198 1980 Joannem
1224 1915 1297 1979 B.
1324 1919 1393 1978 et
1416 1913 1487 1978 P.
1514 1931 1737 1994 regem
1760 1931 1840 1976 ac
1866 1913 2166 1978 comitem
2193 1913 2285 1993 L.,
2319 1920 2469 1994 post
2491 1919 2901 1995 assumptum

514 2019 643 2083 sibi
706 2021 985 2085 ducatus
1050 2031 1119 2085 et
1182 2023 1405 2084 terrae
1465 2016 2064 2086 Wratislawiensis
2119 2016 2494 2100 dominium,
2561 2015 2903 2084 inferendo

515 2126 753 2188 damna
829 2123 1036 2205 ipsius
1107 2125 1389 2188 ducatus
1438 2127 1507 2186 et
1568 2121 1930 2204 territorio,
1993 2120 2335 2187 districtui
2397 2127 2466 2186 et
2511 2121 2902 2206 hominibuS,

516 2227 958 2310 dignoscimur
1033 2229 1485 2310 perturbasse,
1562 2225 1627 2290 in
1704 2243 1936 2291 manus
2003 2226 2180 2308 regis
2254 2225 2466 2307 ipsius
2530 2232 2765 2308 sponte
2835 2231 2906 2291 et

513 2331 721 2396 libere
768 2339 1144 2398 nostrorum
1187 2332 1507 2398 heredum
1555 2335 1622 2395 et
1681 2348 2138 2396 successorum
2199 2335 2578 2397 nostrorum
2642 2331 2902 2396 nomine

513 2436 949 2521 resignantes„
994 2441 1071 2503 ut
1116 2436 1363 2503 nullum
1412 2442 1647 2503 contra
1693 2451 1810 2501 nos
1851 2435 2124 2501 inantea
2159 2437 2240 2501 de
2273 2435 2658 2503 excessibus
2691 2440 2900 2502 retro·

516 2542 689 2607 actis
738 2561 857 2623 per
902 2560 1121 2623 regem
1169 2542 1379 2623 ipsum
1429 2548 1547 2605 aut
1592 2540 1788 2605 alium
1841 2559 1961 2606 suo
1990 2540 2253 2607 nomine
2285 2541 2703 2607 instauretur
2723 2540 2897 2624 judi·

514 2646 681 2711 cium
716 2646 825 2711 vel
856 2652 931 2711 ut
962 2646 1344 2727 proferatur
1379 2644 1735 2729 sententia,
1765 2663 1806 2709 a
1839 2664 1994 2727 rege
2026 2644 2390 2729 praedicto,
2423 2662 2560 2729 su0,
2584 2645 2900 2711 heredum

512 2769 591 2815 ac
637 2768 1093 2817 successorum
1140 2769 1405 2816 suorum
1468 2748 1747 2831 nomine,
1809 2750 1876 2813 in
1936 2749 2203 2815 feudum
2264 2756 2656 2832 perpetuum
2717 2766 2897 2815 rece-

514 2854 745 2934 pimus,
794 2853 1273 2921 Promittentes
1306 2859 1551 2935 nostro,
1585 2853 1898 2918 heredum
1933 2858 2003 2917 et
2035 2871 2490 2919 successorum
2521 2859 2899 2919 nostrorum

512 2956 963 3039 praefatorum
1040 2959 1320 3041 nomine,
1399 2956 1547 3040 sibi,
1607 2956 1966 3023 heredibus
2037 2962 2108 3022 et
2175 2958 2675 3025 successoribus
2743 2957 2899 3039 suiS,

512 3062 821 3127 Boemiae
894 3062 1164 3145 regibus
1236 3066 1395 3127 ante
1462 3060 1680 3144 dictis,
1745 3062 1826 3125 de
1889 3067 2156 3129 caetero
2212 3064 2433 3148 terris,
2489 3061 2899 3146 civitatibuS,

510 3167 752 3233 castris
812 3172 881 3231 et
939 3165 1129 3231 bonis
1187 3165 1440 3231 nostris
1504 3183 1708 3245 saepe
1770 3164 1970 3241 dictis
2031 3170 2346 3247 tanquam
2402 3168 2583 3235 veris
2613 3214 2618 3217 -
2647 3165 2896 3233 nostris

510 3270 787 3335 dominis
851 3270 1200 3336 intendere
1264 3268 1553 3341 fideliter
1614 3274 1685 3333 et
1744 3287 1999 3354 parere,
2061 3271 2508 3340 obedientiam
2572 3275 2642 3337 et
2697 3268 2894 3349 fidem

508 3374 671 3457 ipsis
718 3371 980 3439 debitas
1028 3372 1419 3457 exhibendo

716 3477 796 3544 In
846 3496 1119 3557 quorum
1166 3482 1293 3543 etc.

714 3582 963 3647 Datum
1007 3582 1491 3649 Wratislaviae
1536 3602 1593 3648 a.
1642 3584 1723 3651 D.
1775 3588 1959 3667 1329,
2003 3582 2128 3649 ΙΙΙ.
2173 3582 2322 3650 Kal.
2371 3583 2551 3649 Maii.

714 3683 836 3771 (A.
882 3683 978 3753 K.
1029 3722 1105 3733 —-·
1154 3686 1349 3751 Arch.
1404 3684 1470 3753 S.
1541 3684 1745 3753 Wenc.
1789 3724 1874 3735 —-
1923 3686 2316 3771 G'rit'nhaqen
2381 3686 2433 3754 l.
2485 3707 2560 3771 p.
2613 3688 2759 3752 129.
2812 3726 2888 3735 —

506 3786 669 3855 Eml.
718 3788 846 3852 III.
892 3790 1083 3856 1548.
1131 3828 1212 3837 —
1261 3788 1608 3876 Pnlkava.)

710 3928 818 3996 83.
870 3924 1305 3997 Declaratio
1352 3926 1661 3996 Hem-ici
1718 3926 1936 3998 ducis
1981 3928 2074 3997 de
2127 3928 2178 3998 J
2181 3948 2395 3998 awor
2440 3947 2673 4016 super
2718 3951 2892 4001 ven-

506 4027 793 4101 ditione
840 4028 1184 4100 civitatis
1231 4032 1457 4117 atque
1504 4034 1759 4101 terrae
1804 4031 2298 4104 GorlicensiS.

1419 4138 1615 4223 1329,
1661 4139 1725 4206 3.
1773 4136 1978 4206 Maii.

708 4247 775 4300 A.
818 4247 952 4301 1329
988 4246 1209 4301 Gorlicz
1250 4245 1471 4317 civitas„
1508 4261 1652 4315 quae
1691 4247 1759 4303 ab
1811 4248 2040 4317 antiquo
2091 4254 2340 4319 tempore
2380 4251 2666 4308 abstracta
2700 4252 2891 4309 fuerat

504 4333 723 4389 ratione
787 4332 933 4386 dotis
993 4338 1222 4401 propter
1282 4333 1510 4401 nuptias
1571 4352 1605 4389 a
1661 4350 1834 4405 regno
1891 4336 2170 4407 Boemiae,
2238 4338 2310 4393 ad
2365 4354 2557 4409 regem
2615 4339 2888 4395 Joannem
