3288 4973
1424 325 1772 386 -79-..

411 530 697 597 omnium
742 530 1211 598 beneficiorum
1256 529 1862 598 ecclesiasticorum
1895 537 1966 598 et
1998 529 2406 614 generaliter
2435 547 2582 596 cum
2615 529 2787 594 omni

404 636 695 702 dominio
740 641 811 702 et
854 636 1019 719 iure,
1064 636 1241 702 nullo
1288 635 1555 716 penitus
1600 636 1890 718 excluso,
1937 636 2174 716 quibus
2238 635 2579 714 hucusque
2625 651 2786 699 usus

400 745 526 823 est,
572 739 787 806 veluti
830 759 914 806 ex
960 745 1247 822 paterna
1309 738 1731 806 successione
1802 741 2213 821 praedictam
2281 757 2468 804 suam
2537 747 2786 806 terram

396 849 551 925 post
598 843 989 910 divisionem
1038 861 1183 908 cum
1228 841 1549 909 tratribus
1596 843 1734 909 suis
1782 843 2058 910 ducibus
2114 841 2390 926 Slesiae,
2437 843 2784 909 Bolezslao

396 949 729 1031 Bregensi
776 955 845 1014 et
892 947 1275 1014 Wladeslao
1318 946 1766 1030 Legniczensi
1827 948 2108 1014 dominis
2171 947 2487 1030 habitam,
2565 947 2788 1013 tenuit

397 1051 600 1118 annis⁴
642 1052 945 1133 pluribus
991 1057 1063 1118 et
1106 1051 1425 1134 possedit,
1468 1051 1609 1118 solo
1657 1053 1957 1134 homagio
2003 1071 2124 1134 per
2169 1051 2552 1133 praedictos
2599 1053 2784 1120 cives

396 1175 481 1222 ac
528 1157 757 1222 fideles
804 1175 924 1222 seu
996 1156 1293 1223 feodales
1348 1155 1950 1224 Wratizlavienses
2013 1156 2222 1240 nobiS,
2280 1156 2638 1222 heredibus
2707 1175 2786 1222 ac

398 1261 903 1327 successoribus
985 1261 1255 1342 nostriS,
1334 1259 1648 1326 Boemiae
1731 1259 2018 1342 regibus,
2095 1279 2356 1341 semper
2420 1267 2790 1346 reservam,

393 1365 497 1430 ita
540 1365 718 1444 quod
776 1364 1023 1429 nullum
1068 1365 1359 1430 debeant
1433 1365 1686 1430 habere
1743 1363 2072 1430 dominum
2149 1382 2396 1448 verum,
2471 1365 2786 1444 quamdiu

396 1468 667 1548 vixerit,
714 1487 907 1547 quam
954 1469 1249 1534 eundem.
1318 1466 1487 1534 Fide
1532 1469 1722 1534 firma
1765 1467 2135 1551 adjicentes
2207 1473 2391 1534 certo
2441 1477 2511 1534 et
2557 1470 2784 1536 volun-

395 1571 572 1638 tario
620 1591 706 1637 ex
750 1579 1091 1656 promis80,
1136 1573 1308 1654 quod
1356 1571 1415 1636 si
1458 1572 1760 1638 dominus
1824 1574 1956 1638 dux
2003 1572 2332 1638 Henricus
2399 1574 2783 1652 praedictus

394 1683 699 1760 tempore
776 1679 1177 1743 succedente
1240 1695 1358 1758 per
1432 1695 1553 1743 nos
1630 1683 1702 1743 et
1775 1674 2058 1744 heredes
2135 1683 2402 1744 nostros
2481 1678 2589 1744 vel
2668 1697 2786 1758 per

395 1797 828 1862 quoscunque
904 1781 1237 1862 legitimos
1314 1799 1740 1848 successores
1821 1787 2104 1864 nostrOS,
2183 1783 2494 1849 Boemiae
2571 1801 2786 1867 reges,

399 1886 605 1970 (quod
670 1885 878 1970 absit)
941 1903 1023 1950 ex
1068 1903 1459 1966 quocunque
1536 1885 1876 1967 proposito
1945 1891 2014 1954 et
2091 1886 2440 1953 occasione
2501 1905 2540 1950 a
2602 1892 2786 1952 terra

400 1987 977 2072 Wratizlaviensi,
1002 1989 1143 2056 eius
1167 1990 1420 2056 iuribus
1459 1994 1527 2055 et
1559 1990 1844 2056 dominio
1877 1989 2260 2074 praedictis,
2293 1989 2786 2074 quibuscunque

396 2099 809 2160 censeantur
852 2093 1245 2176 nominibuS,
1312 2098 1754 2175 attemptatus
1815 2094 2020 2161 fuerit
2081 2095 2378 2179 alienari,
2439 2095 2790 2176 transponi

392 2207 515 2264 aut
574 2216 967 2278 quocunque
1040 2201 1227 2264 modo
1287 2201 1371 2264 ab
1432 2217 1515 2264 ea
1591 2198 2046 2282 transmutari,
2115 2200 2317 2265 etiam
2392 2219 2448 2265 s1
2515 2201 2598 2264 de
2660 2200 2783 2266 hoc

392 2309 687 2385 nostrae,
732 2301 1050 2368 heredum
1096 2308 1471 2368 nostrorum
1516 2307 1587 2368 et
1633 2321 2086 2370 successorum
2119 2311 2511 2384 nostrorum,
2559 2315 2786 2384 regum

394 2406 729 2490 Boemiae,
774 2407 1155 2490 receperint
1222 2407 1491 2473 litteras
1554 2407 1902 2491 specialeS,
1965 2425 2222 2474 exnunc
2282 2413 2479 2489 prout
2542 2411 2787 2474 extunc

392 2512 609 2578 libera
670 2530 753 2577 ex
816 2511 1145 2579 electione
1202 2512 1609 2593 saepedictis
1667 2510 2057 2595 feodalibus,
2133 2512 2390 2579 civibus
2467 2531 2546 2579 ac
2631 2512 2781 2579 aliis

394 2616 787 2702 praedictae
832 2624 1059 2684 terrae
1104 2616 1692 2684 Wratizlaviensis
1738 2617 1972 2685 incolis
2019 2618 2460 2699 praecipimus
2503 2616 2782 2683 firmiter

396 2728 471 2789 et
492 2722 899 2804 mandamuS,
930 2722 1102 2805 quod
1130 2720 1505 2788 huiusmodi
1536 2723 1948 2804 mandatum,
1985 2722 2524 2802 quemadmodum
2557 2738 2781 2786 eorum

395 2824 555 2894 fidei
584 2828 759 2893 bene
791 2826 1104 2893 convenit
1134 2830 1203 2891 et
1228 2826 1479 2909 honori,
1512 2832 1832 2909 reputare
1865 2828 2156 2892 debeant
2179 2826 2440 2893 irritum
2469 2830 2538 2892 et
2563 2826 2781 2893 inane.

606 2930 831 2997 Etiam
876 2930 936 2996 si
982 2931 1421 3011 quodcunque
1464 2930 1728 2996 feodum
1787 2947 1904 2996 suo
1967 2937 2262 3012 tempore
2311 2949 2556 2998 vacare
2625 2948 2776 2995 con-

391 3035 649 3119 tigerit,
693 3034 857 3100 illud
904 3052 945 3099 a
989 3034 1181 3100 nobis
1252 3035 1453 3099 debet
1520 3035 1786 3117 suscipi,
1855 3036 1972 3101 sed
2041 3036 2214 3101 idem
2278 3036 2574 3101 dominus
2647 3037 2782 3100 dux

392 3138 732 3207 Henricus
777 3137 1123 3220 praefatus
1171 3139 1369 3205 debet
1426 3140 1678 3205 habere
1727 3137 2112 3205 conferendi
2157 3140 2372 3221 ipsum
2418 3139 2786 3221 plenariam

394 3246 824 3327 potestatem.
870 3241 1157 3323 Insuper
1204 3241 1262 3306 si
1306 3242 1567 3322 aliquas
1622 3243 1872 3307 nostris
1935 3262 2080 3309 cum
2140 3243 2424 3310 inimicis
2489 3262 2786 3328 gwerras

390 3347 761 3427 inierimus,
807 3348 966 3412 tunc
1012 3362 1237 3411 omnes
1268 3344 1668 3413 munitiones
1703 3345 2090 3429 praedictae
2125 3349 2314 3414 nobis
2347 3350 2596 3415 debent
2628 3353 2787 3413 tunc

392 3456 469 3519 et
513 3448 690 3515 omni
734 3456 1032 3532 tempore
1091 3449 1357 3532 aperiri,
1423 3452 1520 3517 sic
1580 3457 1823 3533 tamen,
1887 3454 2058 3531 quod
2121 3453 2450 3519 dictarum
2499 3455 2562 3519 d.
2605 3454 2786 3519 Hen-

390 3557 579 3624 ricus
610 3557 748 3621 dux
776 3554 1162 3637 praedictus
1187 3556 1451 3635 quietus
1474 3564 1742 3622 maneat
1768 3576 2116 3638 possessor
2138 3558 2323 3625 vitae
2351 3576 2510 3624 suae
2535 3562 2786 3638 tempo-

390 3663 583 3729 ribus
630 3661 809 3727 sicut
852 3658 1053 3741 prius.

608 3765 760 3831 Act.
820 3762 1307 3833 Wratizlaviae
1367 3783 1425 3831 a.
1484 3764 1567 3831 D.
1638 3772 1823 3849 1327,
1895 3765 2191 3848 proxima
2253 3765 2424 3833 feria
2485 3767 2574 3833 IL
2635 3770 2788 3847 post

390 3872 575 3939 diem
619 3869 1013 3935 Palmarum.

609 3972 1031 4059 (Gritnkaqen
1090 3972 1225 4035 und
1277 3972 1639 4057 Marquaf
1697 3975 1974 4038 Lehena-
2038 3976 2172 4038 und
2233 3975 2790 4061 Besz‘teurktcvzden

386 4076 757 4145 Schleeiem
802 4076 857 4157 I,
904 4078 1005 4141 66.
1050 4112 1137 4123 —-
1180 4072 1676 4163 Sommersberq,
1719 4076 1818 4145 Sa.
1863 4101 1990 4146 rer.
2023 4077 2146 4145 Sil.
2179 4080 2230 4146 Ῑ.
2261 4081 2408 4148 893.
2438 4117 2524 4127 —-
2554 4078 2787 4164 Liim'q,

391 4183 552 4251 Cod.
598 4180 807 4247 Gom.
850 4178 935 4257 Π,
966 4180 1111 4247 111.
1140 4216 1227 4229 --·
1258 4178 1491 4265 Laniq,
1526 4180 1718 4267 Corp.
1737 4188 1874 4268 jur.
1893 4183 2082 4266 send.
2116 4184 2204 4251 II.
2236 4186 2337 4251 63.
2369 4222 2454 4232 -—-
2491 4183 2790 4251 Bo‘hmer»

268 4324 277 4333 ·
388 4285 556 4373 Ray.
598 4284 763 4369 Imp.
808 4285 959 4369 191,
1003 4306 1065 4353 n.
1109 4284 1245 4371 96.)
