3288 4973
1396 391 1782 452 -331—

392 595 703 662 Boemiae
748 595 945 678 regiS,
993 595 1225 676 proavi
1258 595 1491 674 nostri,
1530 593 1988 660 Wenceslaum
2023 593 2540 677 primogenitum
2573 594 2783 675 ipsius

390 698 715 764 illustrem
760 699 833 764 in
877 717 1103 782 regem
1151 717 1339 763 suum
1376 699 1724 782 elegerint,
1759 708 1828 762 et
1861 700 2091 764 eadem
2127 697 2366 764 electio
2401 716 2520 778 per
2551 716 2782 779 supra—

390 803 637 868 dictum
685 801 1101 868 Fridericum
1149 803 1593 869 Romanorum
1642 821 1862 884 regem
1913 801 2119 868 fuerit
2162 805 2552 884 approbata,
2601 813 2669 867 et
2700 820 2782 867 ex

388 906 639 972 litteris
702 907 843 974 divi
906 907 1245 990 Richardi,
1306 907 1748 973 Romanorum
1812 907 1991 990 regis
2055 905 2376 982 similiter,
2433 906 2500 971 in
2546 905 2785 986 quibus

388 1010 561 1077 idem
610 1013 696 1076 ad
751 1013 971 1076 instar
1030 1010 1305 1077 aliorum
1366 1010 1852 1091 Imperatorum
1916 1019 1984 1075 et
2045 1012 2491 1077 Romanorum
2555 1028 2784 1092 regum

388 1114 715 1182 illustrem
786 1113 1187 1181 Ottakarum
1256 1117 1635 1196 secundum,
1707 1117 2033 1196 quondam
2101 1117 2170 1181 B.
2239 1133 2481 1195 regem,
2531 1133 2645 1194 pro
2693 1133 2786 1194 se,

390 1219 747 1284 heredibus
795 1224 864 1284 et
910 1219 1431 1296 successoribus,
1478 1221 1552 1285 Β.
1600 1220 1890 1304 regibus,
1951 1223 2033 1286 de
2099 1219 2426 1300 praedicti
2474 1218 2664 1302 regni
2709 1219 2785 1284 B.

394 1332 461 1388 et
522 1322 984 1389 marchionatu
1046 1323 1129 1388 M.
1200 1323 1690 1405 principatibus
1753 1331 1821 1389 et
1882 1322 2098 1390 feudis
2162 1327 2244 1389 ab
2307 1323 2472 1406 ipsis
2541 1325 2783 1403 depen-

388 1427 701 1494 dentibus
770 1425 1141 1509 investivit,
1208 1447 1372 1508 quas
1435 1427 1809 1510 deligenter
1869 1427 2190 1494 ascultari
2249 1434 2318 1492 et
2379 1428 2447 1493 in
2509 1444 2788 1492 examen

391 1531 667 1614 provide
714 1531 1147 1598 discussionis
1217 1534 1456 1599 adduci
1524 1530 1821 1614 fecimuS,
1899 1533 2248 1598 evidenter
2325 1533 2656 1613 accipitur
2715 1541 2785 1596 et

390 1635 733 1720 colligitur
779 1635 1155 1705 manifeste.

598 1756 771 1848 (Vid.
819 1758 1077 1823 litteras
1125 1757 1455 1824 Fridurz'ci
1500 1756 1583 1824 ll.
1631 1779 1761 1844 req.
1808 1779 1904 1822 αο.
1951 1759 2142 1842 1216,
2209 1759 2309 1827 26.
2371 1755 2549 1820 ducii
2607 1757 2791 1839 opud

399 1865 647 1938 Ulmum
720 1863 937 1934 datas.
984 1903 1069 1914 —
1112 1863 1330 1948 Hujus
1402 1861 1660 1928 Codicis
1724 1862 1770 1925 I.
1839 1884 1894 1929 n.
1947 1863 2048 1927 27.
2098 1897 2182 1910 —·
2237 1860 2378 1928 Vid.
2425 1871 2485 1924 et
2534 1859 2788 1924 litteras

388 1975 717 2043 Richardi
776 1977 852 2042 R,
912 1975 1083 2059 reqic
1145 1991 1240 2032 αο.
1305 1969 1497 2049 1262,
1552 1970 1612 2034 9.
1661 1968 1947 2050 Auyusti
1991 1967 2400 2050 Aqniaqrani
2446 1967 2656 2032 datas.
2701 2003 2790 2012 —

392 2079 611 2166 Hujus
661 2079 914 2145 Codicis
974 2078 1015 2141 Ῑ.
1066 2075 1199 2156 50.)

604 2213 715 2279 IV.
740 2209 1129 2277 Venerabili
1150 2209 1195 2272 J
1198 2206 1477 2286 ohanne,
1497 2204 1682 2271 Olom
1692 2204 1920 2270 ucensi
1946 2204 2274 2284 episcopo,
2294 2201 2788 2283 consanguineo

390 2331 639 2395 nostr0‚
672 2334 925 2383 necnon
958 2312 1205 2378 illustri
1233 2310 1505 2376 Nicolao
1532 2311 1700 2374 duce
1735 2308 2051 2388 opaviam,
2085 2305 2494 2387 principibus
2521 2305 2790 2386 nostriS,

393 2424 751 2492 heredibus
798 2429 868 2488 et
910 2415 1407 2485 successoribus
1456 2413 1746 2495 ipsorum
1795 2414 2142 2478 dumtaxat
2191 2409 2513 2495 exceptis.

600 2529 889 2611 Quorum
960 2524 1263 2601 alterum,
1325 2518 1641 2585 videlicet
1704 2517 2204 2583 olomucensem
2269 2516 2650 2596 episcopum
2719 2520 2790 2581 et

392 2648 817 2700 successores
864 2628 1179 2707 eiusdem,
1238 2624 1491 2689 virtute
1560 2620 1937 2687 litterarum
1986 2620 2383 2685 recolendae
2435 2621 2789 2685 memoriae

392 2738 693 2803 divorum
740 2732 1073 2799 Friderici
1118 2726 1571 2809 Imperatoris,
1620 2732 1690 2790 et
1741 2723 2084 2796 Friderici,
2133 2723 2312 2806 regis
2347 2724 2792 2789 Romanorum

392 2851 724 2923 augustae
758 2837 1122 2919 potentiae,
1160 2834 1750 2915 praedecessorum
1786 2837 2178 2907 nostrorum,
2222 2828 2288 2893 in
2321 2829 2561 2907 quibus
2593 2828 2796 2893 iidem

394 2944 644 3011 illustri
672 2942 959 3007 Ottakro
984 2939 1211 3021 prime,
1236 2937 1559 3017 quondam
1594 2936 1672 3000 B.
1703 2934 1870 3015 regi,
1895 2944 1963 2997 et
1989 2932 2128 2997 suis
2163 2934 2664 2998 successoribus
2691 2933 2795 2997 ius

399 3054 467 3114 et
488 3053 893 3129 potestatem
927 3040 1332 3109 investiendi
1366 3040 1718 3119 episcopos
1750 3037 1938 3118 regui
1972 3036 2045 3103 B.
2079 3036 2478 3117 praenotati,
2505 3041 2574 3101 et
2600 3054 2794 3100 vene-

396 3152 593 3219 rabili
628 3148 1049 3217 Olomucensi
1080 3146 1411 3228 episcopo,
1444 3144 1555 3223 qui
1589 3141 1719 3208 fuit
1747 3159 1864 3223 pro
1890 3154 2206 3222 tempore,
2241 3141 2509 3219 suisque
2535 3156 2796 3205 succes—

400 3256 663 3321 soribus
698 3254 1022 3335 insignem
1054 3251 1373 3317 circulum
1410 3247 1775 3313 wladislao
1804 3248 1876 3311 B.
1902 3245 2075 3327 duci,
2101 3245 2214 3325 qui
2243 3246 2488 3310 dictum
2519 3262 2795 3326 regnum

402 3368 558 3425 ante
584 3356 1079 3425 coronationem
1108 3373 1293 3420 suam
1319 3355 1618 3436 regebat.
1644 3358 1716 3417 et
1741 3351 2032 3416 eiusdem
2063 3348 2412 3417 Wladislai
2438 3348 2796 3414 heredibus

402 3464 469 3529 in
500 3460 901 3528 Nativitatis
933 3458 1201 3541 Christi,
1233 3458 1556 3538 Paschae,
1588 3456 2076 3521 Penthecostes
2110 3459 2179 3519 et
2213 3454 2550 3519 beatorum
2595 3454 2794 3518 Wen-

406 3568 606 3633 ceslai
633 3573 703 3632 et
736 3563 1106 3645 Adalberti,
1131 3572 1561 3643 patronorum
1579 3561 1674 3641 B.‚
1699 3558 2204 3639 festivitatibuS,
2231 3558 2560 3623 adinstar
2583 3556 2794 3636 Impe-

402 3682 695 3737 ratorum
732 3678 801 3734 et
826 3670 1267 3734 Romanorum
1299 3666 1666 3747 principum
1691 3662 2084 3746 imponendi,
2111 3669 2185 3727 ut
2209 3668 2432 3727 tamen
2466 3682 2506 3727 a
2540 3662 2798 3727 nemine

404 3781 873 3857 praeterquam
920 3790 961 3837 a
1005 3770 1331 3852 Pragensi
1379 3770 1487 3835 vel
1532 3767 1954 3833 Olomucensi
1999 3766 2349 3848 episcopis,
2405 3776 2526 3831 aut
2571 3785 2798 3832 eorum

403 3881 632 3962 altero,
696 3877 809 3957 qui
868 3877 1021 3941 dum
1081 3874 1363 3941 alterum
1419 3876 1661 3939 abesse
1719 3872 2160 3953 contingeret,
2215 3870 2400 3936 vices
2456 3871 2800 3951 suppleret

404 3987 755 4059 amborum,
804 3979 1050 4061 imponi
1103 3979 1399 4059 deberet,
1452 3977 1793 4043 licentiam
1855 3984 1924 4039 et
1983 3973 2372 4040 facultatem
2434 3974 2798 4055 gratiosius

405 4092 760 4169 erogarunt
815 4090 886 4148 et
949 4082 1073 4147 hoc
1132 4081 1371 4147 edictis
1424 4099 1504 4146 ac
1560 4078 1897 4146 mandatis
1953 4077 2412 4159 imperialibus
2469 4084 2537 4144 et
2594 4078 2801 4160 regiis

406 4196 725 4273 perpetuo
772 4192 1177 4253 statuerunt.

607 4306 633 4385 (
652 4300 783 4367 Vid.
804 4298 1057 4362 litteras
1080 4298 1411 4362 Friderict‘
1423 4296 1477 4365 I.
1493 4295 1656 4380 Imp.
1672 4293 2032 4373 dd0.1158‚
2045 4296 2146 4359 18.
2165 4292 2484 4357 ,Ιαητιανίἰ
2497 4291 2800 4357 Ratisbo-

408 4410 543 4471 riae
590 4408 804 4470 datae.
834 4440 920 4451 —
952 4400 1168 4487 Hujus
1206 4400 1459 4466 Codicis
1495 4399 1546 4468 Ῑ.
1580 4402 1682 4466 16.
1717 4438 1794 4449 -
1835 4398 1935 4485 Cf.
1968 4412 2026 4463 et
2057 4400 2247 4481 hujus
2285 4396 2542 4463 Codicis
2579 4399 2631 4466 I.
2676 4398 2804 4483 19.)
