<?xml version="1.0" encoding="UTF-8"?>
<!DOCTYPE html PUBLIC "-//W3C//DTD XHTML 1.0 Transitional//EN"
    "http://www.w3.org/TR/xhtml1/DTD/xhtml1-transitional.dtd">
<html xmlns="http://www.w3.org/1999/xhtml" xml:lang="en" lang="en">
 <head>
  <title>
</title>
<meta http-equiv="Content-Type" content="text/html;charset=utf-8" />
  <meta name='ocr-system' content='tesseract 3.04.00' />
  <meta name='ocr-capabilities' content='ocr_page ocr_carea ocr_par ocr_line ocrx_word'/>
</head>
<body>
  <div class='ocr_page' id='page_1' title='image "./codexjurisbohem00bohegoog_0244.png"; bbox 0 0 3288 4973; ppageno 0'>
   <div class='ocr_carea' id='block_1_1' title="bbox 1514 393 1905 453">
    <p class='ocr_par' dir='ltr' id='par_1_1' title="bbox 1514 393 1905 453">
     <span class='ocr_line' id='line_1_1' title="bbox 1514 393 1905 453; baseline -0.008 0"><span class='ocrx_word' id='word_1_1' title='bbox 1514 393 1905 453; x_wconf 82' lang='lat'>—230—</span> 
     </span>
    </p>
   </div>
   <div class='ocr_carea' id='block_1_2' title="bbox 503 596 2906 3298">
    <p class='ocr_par' dir='ltr' id='par_1_2' title="bbox 503 596 2898 1414">
     <span class='ocr_line' id='line_1_2' title="bbox 516 596 2893 683; baseline -0 -17"><span class='ocrx_word' id='word_1_2' title='bbox 516 599 832 683; x_wconf 80' lang='lat' dir='ltr'><strong>singulaS,</strong></span> <span class='ocrx_word' id='word_1_3' title='bbox 902 616 1066 678; x_wconf 87' lang='lat' dir='ltr'><strong>quas</strong></span> <span class='ocrx_word' id='word_1_4' title='bbox 1136 616 1251 677; x_wconf 89' lang='lat' dir='ltr'><strong>pro</strong></span> <span class='ocrx_word' id='word_1_5' title='bbox 1308 616 1483 663; x_wconf 88' lang='lat' dir='ltr'><strong>nunc</strong></span> <span class='ocrx_word' id='word_1_6' title='bbox 1543 601 1613 663; x_wconf 89' lang='lat' dir='ltr'><strong>et</strong></span> <span class='ocrx_word' id='word_1_7' title='bbox 1673 615 1756 662; x_wconf 90' lang='lat' dir='ltr'><strong>ex</strong></span> <span class='ocrx_word' id='word_1_8' title='bbox 1817 596 2238 663; x_wconf 81' lang='lat' dir='ltr'><strong>successione</strong></span> <span class='ocrx_word' id='word_1_9' title='bbox 2298 614 2416 663; x_wconf 92' lang='lat' dir='ltr'><strong>seu</strong></span> <span class='ocrx_word' id='word_1_10' title='bbox 2475 598 2893 665; x_wconf 84' lang='lat' dir='ltr'><strong>devolutione</strong></span> 
     </span>
     <span class='ocr_line' id='line_1_3' title="bbox 515 700 2895 786; baseline -0 -16"><span class='ocrx_word' id='word_1_11' title='bbox 515 704 997 786; x_wconf 80' lang='lat' dir='ltr'><strong>possidebimus</strong></span> <span class='ocrx_word' id='word_1_12' title='bbox 1044 708 1113 768; x_wconf 89' lang='lat' dir='ltr'><strong>et</strong></span> <span class='ocrx_word' id='word_1_13' title='bbox 1160 701 1602 768; x_wconf 80' lang='lat' dir='ltr'><strong>obtinebimus</strong></span> <span class='ocrx_word' id='word_1_14' title='bbox 1649 719 1727 766; x_wconf 91' lang='lat' dir='ltr'><strong>ac</strong></span> <span class='ocrx_word' id='word_1_15' title='bbox 1773 701 1960 783; x_wconf 71' lang='lat' dir='ltr'><strong>aliae,</strong></span> <span class='ocrx_word' id='word_1_16' title='bbox 2007 700 2149 766; x_wconf 87' lang='lat' dir='ltr'><strong>Deo</strong></span> <span class='ocrx_word' id='word_1_17' title='bbox 2197 702 2390 767; x_wconf 82' lang='lat' dir='ltr'><strong>nobis</strong></span> <span class='ocrx_word' id='word_1_18' title='bbox 2421 700 2713 785; x_wconf 85' lang='lat' dir='ltr'><strong>favente,</strong></span> <span class='ocrx_word' id='word_1_19' title='bbox 2747 722 2895 783; x_wconf 91' lang='lat' dir='ltr'><strong>quo-</strong></span> 
     </span>
     <span class='ocr_line' id='line_1_4' title="bbox 512 805 2896 889; baseline -0 -14"><span class='ocrx_word' id='word_1_20' title='bbox 512 808 869 875; x_wconf 81' lang='lat' dir='ltr'><strong>modolibet</strong></span> <span class='ocrx_word' id='word_1_21' title='bbox 916 810 1036 873; x_wconf 89' lang='lat' dir='ltr'><strong>sub</strong></span> <span class='ocrx_word' id='word_1_22' title='bbox 1068 806 1279 888; x_wconf 86' lang='lat' dir='ltr'><strong>ipsius</strong></span> <span class='ocrx_word' id='word_1_23' title='bbox 1312 808 1375 872; x_wconf 89' lang='lat' dir='ltr'><strong>d.</strong></span> <span class='ocrx_word' id='word_1_24' title='bbox 1409 805 1589 889; x_wconf 87' lang='lat' dir='ltr'><strong>regis</strong></span> <span class='ocrx_word' id='word_1_25' title='bbox 1624 811 1695 871; x_wconf 90' lang='lat' dir='ltr'><strong>et</strong></span> <span class='ocrx_word' id='word_1_26' title='bbox 1727 806 1916 889; x_wconf 85' lang='lat' dir='ltr'><strong>regni</strong></span> <span class='ocrx_word' id='word_1_27' title='bbox 1963 807 2035 872; x_wconf 91' lang='lat' dir='ltr'><strong>B.</strong></span> <span class='ocrx_word' id='word_1_28' title='bbox 2069 806 2374 886; x_wconf 87' lang='lat' dir='ltr'><strong>dominio,</strong></span> <span class='ocrx_word' id='word_1_29' title='bbox 2405 822 2574 886; x_wconf 86' lang='lat' dir='ltr'><strong>quae</strong></span> <span class='ocrx_word' id='word_1_30' title='bbox 2603 806 2896 874; x_wconf 85' lang='lat' dir='ltr'><strong>feodales</strong></span> 
     </span>
     <span class='ocr_line' id='line_1_5' title="bbox 509 910 2896 996; baseline -0.001 -17"><span class='ocrx_word' id='word_1_31' title='bbox 509 912 781 996; x_wconf 87' lang='lat' dir='ltr'><strong>fuerint,</strong></span> <span class='ocrx_word' id='word_1_32' title='bbox 827 911 1112 993; x_wconf 81' lang='lat' dir='ltr'><strong>adipisci</strong></span> <span class='ocrx_word' id='word_1_33' title='bbox 1156 912 1521 993; x_wconf 77' lang='lat' dir='ltr'><strong>poterimus</strong></span> <span class='ocrx_word' id='word_1_34' title='bbox 1553 912 1622 976; x_wconf 91' lang='lat' dir='ltr'><strong>in</strong></span> <span class='ocrx_word' id='word_1_35' title='bbox 1654 910 1968 993; x_wconf 89' lang='lat' dir='ltr'><strong>futurum,</strong></span> <span class='ocrx_word' id='word_1_36' title='bbox 2001 913 2082 976; x_wconf 89' lang='lat' dir='ltr'><strong>ab</strong></span> <span class='ocrx_word' id='word_1_37' title='bbox 2119 912 2344 977; x_wconf 90' lang='lat' dir='ltr'><strong>eodem</strong></span> <span class='ocrx_word' id='word_1_38' title='bbox 2379 911 2636 977; x_wconf 91' lang='lat' dir='ltr'><strong>domino</strong></span> <span class='ocrx_word' id='word_1_39' title='bbox 2669 918 2896 978; x_wconf 85' lang='lat' dir='ltr'><strong>nostro</strong></span> 
     </span>
     <span class='ocr_line' id='line_1_6' title="bbox 512 1015 2896 1101; baseline -0 -17"><span class='ocrx_word' id='word_1_40' title='bbox 512 1036 671 1101; x_wconf 86' lang='lat' dir='ltr'><strong>rege</strong></span> <span class='ocrx_word' id='word_1_41' title='bbox 720 1024 790 1083; x_wconf 89' lang='lat' dir='ltr'><strong>et</strong></span> <span class='ocrx_word' id='word_1_42' title='bbox 835 1037 877 1083; x_wconf 90' lang='lat' dir='ltr'><strong>a</strong></span> <span class='ocrx_word' id='word_1_43' title='bbox 922 1034 1165 1083; x_wconf 88' lang='lat' dir='ltr'><strong>corona</strong></span> <span class='ocrx_word' id='word_1_44' title='bbox 1212 1016 1400 1099; x_wconf 87' lang='lat' dir='ltr'><strong>regni</strong></span> <span class='ocrx_word' id='word_1_45' title='bbox 1456 1015 1540 1098; x_wconf 67' lang='lat' dir='ltr'><strong>B„</strong></span> <span class='ocrx_word' id='word_1_46' title='bbox 1588 1016 2110 1095; x_wconf 85' lang='lat' dir='ltr'><strong>quandocunque</strong></span> <span class='ocrx_word' id='word_1_47' title='bbox 2171 1017 2555 1081; x_wconf 87' lang='lat' dir='ltr'><strong>mandatum</strong></span> <span class='ocrx_word' id='word_1_48' title='bbox 2615 1020 2688 1081; x_wconf 92' lang='lat' dir='ltr'><strong>et</strong></span> <span class='ocrx_word' id='word_1_49' title='bbox 2749 1016 2896 1083; x_wconf 85' lang='lat' dir='ltr'><strong>inti-</strong></span> 
     </span>
     <span class='ocr_line' id='line_1_7' title="bbox 510 1119 2898 1205; baseline 0 -17"><span class='ocrx_word' id='word_1_50' title='bbox 510 1128 757 1189; x_wconf 88' lang='lat' dir='ltr'><strong>matum</strong></span> <span class='ocrx_word' id='word_1_51' title='bbox 804 1122 993 1188; x_wconf 88' lang='lat' dir='ltr'><strong>nobis</strong></span> <span class='ocrx_word' id='word_1_52' title='bbox 1040 1119 1263 1205; x_wconf 86' lang='lat' dir='ltr'><strong>fuerit,</strong></span> <span class='ocrx_word' id='word_1_53' title='bbox 1327 1120 1393 1185; x_wconf 90' lang='lat' dir='ltr'><strong>in</strong></span> <span class='ocrx_word' id='word_1_54' title='bbox 1442 1119 1708 1185; x_wconf 89' lang='lat' dir='ltr'><strong>feudum</strong></span> <span class='ocrx_word' id='word_1_55' title='bbox 1755 1119 2058 1201; x_wconf 88' lang='lat' dir='ltr'><strong>personis</strong></span> <span class='ocrx_word' id='word_1_56' title='bbox 2106 1119 2394 1202; x_wconf 88' lang='lat' dir='ltr'><strong>propriis</strong></span> <span class='ocrx_word' id='word_1_57' title='bbox 2441 1119 2786 1202; x_wconf 78' lang='lat' dir='ltr'><strong>suscipere</strong></span> <span class='ocrx_word' id='word_1_58' title='bbox 2831 1130 2898 1188; x_wconf 93' lang='lat' dir='ltr'><strong>et</strong></span> 
     </span>
     <span class='ocr_line' id='line_1_8' title="bbox 510 1223 2898 1309; baseline -0 -16"><span class='ocrx_word' id='word_1_59' title='bbox 510 1233 862 1309; x_wconf 85' lang='lat' dir='ltr'><strong>praestare</strong></span> <span class='ocrx_word' id='word_1_60' title='bbox 911 1226 992 1290; x_wconf 91' lang='lat' dir='ltr'><strong>de</strong></span> <span class='ocrx_word' id='word_1_61' title='bbox 1040 1226 1372 1291; x_wconf 88' lang='lat' dir='ltr'><strong>servando</strong></span> <span class='ocrx_word' id='word_1_62' title='bbox 1436 1230 1802 1306; x_wconf 76' lang='lat' dir='ltr'><strong>perpetuae</strong></span> <span class='ocrx_word' id='word_1_63' title='bbox 1863 1223 2210 1289; x_wconf 87' lang='lat' dir='ltr'><strong>fidelitatis</strong></span> <span class='ocrx_word' id='word_1_64' title='bbox 2269 1224 2573 1309; x_wconf 85' lang='lat' dir='ltr'><strong>homagio</strong></span> <span class='ocrx_word' id='word_1_65' title='bbox 2635 1226 2898 1293; x_wconf 90' lang='lat' dir='ltr'><strong>solitum</strong></span> 
     </span>
     <span class='ocr_line' id='line_1_9' title="bbox 503 1332 969 1414; baseline -0.004 -18"><span class='ocrx_word' id='word_1_66' title='bbox 503 1332 969 1414; x_wconf 86' lang='lat' dir='ltr'><strong>juramentum.</strong></span> 
     </span>
    </p>

    <p class='ocr_par' dir='ltr' id='par_1_3' title="bbox 510 1433 2904 2142">
     <span class='ocr_line' id='line_1_10' title="bbox 718 1433 2899 1517; baseline 0 -16"><span class='ocrx_word' id='word_1_67' title='bbox 718 1435 1041 1501; x_wconf 77' lang='lat' dir='ltr'><strong>Volentes</strong></span> <span class='ocrx_word' id='word_1_68' title='bbox 1097 1433 1518 1500; x_wconf 86' lang='lat' dir='ltr'><strong>nihilominus</strong></span> <span class='ocrx_word' id='word_1_69' title='bbox 1580 1452 1840 1499; x_wconf 82' lang='lat' dir='ltr'><strong>exnunc</strong></span> <span class='ocrx_word' id='word_1_70' title='bbox 1908 1439 2106 1515; x_wconf 87' lang='lat' dir='ltr'><strong>prout</strong></span> <span class='ocrx_word' id='word_1_71' title='bbox 2167 1437 2411 1501; x_wconf 79' lang='lat' dir='ltr'><strong>extunc</strong></span> <span class='ocrx_word' id='word_1_72' title='bbox 2473 1434 2778 1517; x_wconf 86' lang='lat' dir='ltr'><strong>praefato</strong></span> <span class='ocrx_word' id='word_1_73' title='bbox 2840 1439 2899 1502; x_wconf 88' lang='lat' dir='ltr'><strong>d.</strong></span> 
     </span>
     <span class='ocr_line' id='line_1_11' title="bbox 510 1538 2902 1624; baseline 0.001 -19"><span class='ocrx_word' id='word_1_74' title='bbox 510 1540 656 1623; x_wconf 85' lang='lat' dir='ltr'><strong>regi</strong></span> <span class='ocrx_word' id='word_1_75' title='bbox 702 1558 960 1606; x_wconf 88' lang='lat' dir='ltr'><strong>necnon</strong></span> <span class='ocrx_word' id='word_1_76' title='bbox 1020 1538 1521 1606; x_wconf 86' lang='lat' dir='ltr'><strong>successoribus</strong></span> <span class='ocrx_word' id='word_1_77' title='bbox 1583 1540 1739 1621; x_wconf 86' lang='lat' dir='ltr'><strong>suis,</strong></span> <span class='ocrx_word' id='word_1_78' title='bbox 1801 1539 2068 1621; x_wconf 85' lang='lat' dir='ltr'><strong>regibus</strong></span> <span class='ocrx_word' id='word_1_79' title='bbox 2124 1544 2193 1604; x_wconf 88' lang='lat' dir='ltr'><strong>et</strong></span> <span class='ocrx_word' id='word_1_80' title='bbox 2239 1558 2524 1606; x_wconf 87' lang='lat' dir='ltr'><strong>coronae</strong></span> <span class='ocrx_word' id='word_1_81' title='bbox 2571 1541 2762 1623; x_wconf 84' lang='lat' dir='ltr'><strong>regni</strong></span> <span class='ocrx_word' id='word_1_82' title='bbox 2807 1542 2902 1624; x_wconf 89' lang='lat' dir='ltr'><strong>B.‚</strong></span> 
     </span>
     <span class='ocr_line' id='line_1_12' title="bbox 510 1643 2901 1727; baseline 0.001 -17"><span class='ocrx_word' id='word_1_83' title='bbox 510 1650 829 1725; x_wconf 87' lang='lat' dir='ltr'><strong>tanquam</strong></span> <span class='ocrx_word' id='word_1_84' title='bbox 875 1643 1169 1711; x_wconf 88' lang='lat' dir='ltr'><strong>naturali</strong></span> <span class='ocrx_word' id='word_1_85' title='bbox 1215 1643 1505 1727; x_wconf 87' lang='lat' dir='ltr'><strong>legitimo</strong></span> <span class='ocrx_word' id='word_1_86' title='bbox 1555 1643 1813 1709; x_wconf 89' lang='lat' dir='ltr'><strong>domino</strong></span> <span class='ocrx_word' id='word_1_87' title='bbox 1861 1649 2112 1725; x_wconf 87' lang='lat' dir='ltr'><strong>nostr0,</strong></span> <span class='ocrx_word' id='word_1_88' title='bbox 2151 1643 2222 1709; x_wconf 91' lang='lat' dir='ltr'><strong>in</strong></span> <span class='ocrx_word' id='word_1_89' title='bbox 2253 1644 2550 1713; x_wconf 88' lang='lat' dir='ltr'><strong>omnibus</strong></span> <span class='ocrx_word' id='word_1_90' title='bbox 2585 1645 2901 1712; x_wconf 84' lang='lat' dir='ltr'><strong>exhibere</strong></span> 
     </span>
     <span class='ocr_line' id='line_1_13' title="bbox 512 1747 2904 1816; baseline 0 -3"><span class='ocrx_word' id='word_1_91' title='bbox 512 1748 961 1815; x_wconf 83' lang='lat' dir='ltr'><strong>reverentiam</strong></span> <span class='ocrx_word' id='word_1_92' title='bbox 1038 1756 1107 1814; x_wconf 86' lang='lat' dir='ltr'><strong>et</strong></span> <span class='ocrx_word' id='word_1_93' title='bbox 1181 1750 1491 1814; x_wconf 89' lang='lat' dir='ltr'><strong>honorem</strong></span> <span class='ocrx_word' id='word_1_94' title='bbox 1568 1766 1648 1813; x_wconf 88' lang='lat' dir='ltr'><strong>ac</strong></span> <span class='ocrx_word' id='word_1_95' title='bbox 1707 1747 1990 1813; x_wconf 79' lang='lat' dir='ltr'><strong>ubilibet</strong></span> <span class='ocrx_word' id='word_1_96' title='bbox 2056 1748 2407 1815; x_wconf 82' lang='lat' dir='ltr'><strong>intendere</strong></span> <span class='ocrx_word' id='word_1_97' title='bbox 2473 1750 2764 1816; x_wconf 86' lang='lat' dir='ltr'><strong>fideliter</strong></span> <span class='ocrx_word' id='word_1_98' title='bbox 2835 1755 2904 1815; x_wconf 90' lang='lat' dir='ltr'><strong>et</strong></span> 
     </span>
     <span class='ocr_line' id='line_1_14' title="bbox 514 1852 2900 1936; baseline 0 -17"><span class='ocrx_word' id='word_1_99' title='bbox 514 1872 770 1936; x_wconf 89' lang='lat' dir='ltr'><strong>parere,</strong></span> <span class='ocrx_word' id='word_1_100' title='bbox 816 1852 1112 1935; x_wconf 88' lang='lat' dir='ltr'><strong>ipsisque</strong></span> <span class='ocrx_word' id='word_1_101' title='bbox 1160 1856 1302 1918; x_wconf 90' lang='lat' dir='ltr'><strong>toto</strong></span> <span class='ocrx_word' id='word_1_102' title='bbox 1348 1870 1545 1935; x_wconf 89' lang='lat' dir='ltr'><strong>posse</strong></span> <span class='ocrx_word' id='word_1_103' title='bbox 1592 1860 1663 1917; x_wconf 86' lang='lat' dir='ltr'><strong>et</strong></span> <span class='ocrx_word' id='word_1_104' title='bbox 1710 1852 1885 1918; x_wconf 88' lang='lat' dir='ltr'><strong>omni</strong></span> <span class='ocrx_word' id='word_1_105' title='bbox 1930 1857 2162 1919; x_wconf 88' lang='lat' dir='ltr'><strong>nostra</strong></span> <span class='ocrx_word' id='word_1_106' title='bbox 2206 1854 2511 1935; x_wconf 88' lang='lat' dir='ltr'><strong>potentia</strong></span> <span class='ocrx_word' id='word_1_107' title='bbox 2554 1854 2624 1919; x_wconf 92' lang='lat' dir='ltr'><strong>in</strong></span> <span class='ocrx_word' id='word_1_108' title='bbox 2669 1871 2900 1920; x_wconf 88' lang='lat' dir='ltr'><strong>neces-</strong></span> 
     </span>
     <span class='ocr_line' id='line_1_15' title="bbox 514 1956 2902 2039; baseline 0.001 -16"><span class='ocrx_word' id='word_1_109' title='bbox 514 1958 719 2023; x_wconf 87' lang='lat' dir='ltr'><strong>sitate</strong></span> <span class='ocrx_word' id='word_1_110' title='bbox 784 1957 1082 2039; x_wconf 89' lang='lat' dir='ltr'><strong>qualibet</strong></span> <span class='ocrx_word' id='word_1_111' title='bbox 1150 1957 1492 2039; x_wconf 84' lang='lat' dir='ltr'><strong>assistere,</strong></span> <span class='ocrx_word' id='word_1_112' title='bbox 1555 1962 1754 2038; x_wconf 89' lang='lat' dir='ltr'><strong>prout</strong></span> <span class='ocrx_word' id='word_1_113' title='bbox 1800 1959 1948 2024; x_wconf 86' lang='lat' dir='ltr'><strong>veri</strong></span> <span class='ocrx_word' id='word_1_114' title='bbox 1990 1956 2327 2039; x_wconf 88' lang='lat' dir='ltr'><strong>principes</strong></span> <span class='ocrx_word' id='word_1_115' title='bbox 2376 1961 2447 2023; x_wconf 91' lang='lat' dir='ltr'><strong>et</strong></span> <span class='ocrx_word' id='word_1_116' title='bbox 2491 1956 2732 2024; x_wconf 82' lang='lat' dir='ltr'><strong>vasalli</strong></span> <span class='ocrx_word' id='word_1_117' title='bbox 2779 1977 2902 2025; x_wconf 84' lang='lat' dir='ltr'><strong>suo</strong></span> 
     </span>
     <span class='ocr_line' id='line_1_16' title="bbox 516 2061 2272 2142; baseline 0.002 -16"><span class='ocrx_word' id='word_1_118' title='bbox 516 2061 773 2129; x_wconf 91' lang='lat' dir='ltr'><strong>domino</strong></span> <span class='ocrx_word' id='word_1_119' title='bbox 822 2067 979 2128; x_wconf 85' lang='lat' dir='ltr'><strong>sunt</strong></span> <span class='ocrx_word' id='word_1_120' title='bbox 1026 2062 1294 2127; x_wconf 85' lang='lat' dir='ltr'><strong>obnoxii</strong></span> <span class='ocrx_word' id='word_1_121' title='bbox 1339 2062 1830 2142; x_wconf 89' lang='lat' dir='ltr'><strong>quomodolibet</strong></span> <span class='ocrx_word' id='word_1_122' title='bbox 1875 2066 1946 2127; x_wconf 88' lang='lat' dir='ltr'><strong>et</strong></span> <span class='ocrx_word' id='word_1_123' title='bbox 1993 2061 2272 2129; x_wconf 86' lang='lat' dir='ltr'><strong>astricti.</strong></span> 
     </span>
    </p>

    <p class='ocr_par' dir='ltr' id='par_1_4' title="bbox 510 2166 2906 3190">
     <span class='ocr_line' id='line_1_17' title="bbox 721 2166 2904 2249; baseline 0 -16"><span class='ocrx_word' id='word_1_124' title='bbox 721 2167 813 2233; x_wconf 89' lang='lat' dir='ltr'><strong>Et</strong></span> <span class='ocrx_word' id='word_1_125' title='bbox 880 2169 963 2233; x_wconf 86' lang='lat' dir='ltr'><strong>ad</strong></span> <span class='ocrx_word' id='word_1_126' title='bbox 1034 2166 1404 2247; x_wconf 86' lang='lat' dir='ltr'><strong>praemissa</strong></span> <span class='ocrx_word' id='word_1_127' title='bbox 1474 2167 1736 2248; x_wconf 89' lang='lat' dir='ltr'><strong>singula</strong></span> <span class='ocrx_word' id='word_1_128' title='bbox 1801 2167 2224 2249; x_wconf 86' lang='lat' dir='ltr'><strong>adimplenda</strong></span> <span class='ocrx_word' id='word_1_129' title='bbox 2289 2166 2577 2233; x_wconf 87' lang='lat' dir='ltr'><strong>fideliter</strong></span> <span class='ocrx_word' id='word_1_130' title='bbox 2643 2170 2761 2233; x_wconf 80' lang='lat' dir='ltr'><strong>nos</strong></span> <span class='ocrx_word' id='word_1_131' title='bbox 2833 2168 2904 2233; x_wconf 89' lang='lat' dir='ltr'><strong>in</strong></span> 
     </span>
     <span class='ocr_line' id='line_1_18' title="bbox 516 2269 2906 2353; baseline 0.001 -18"><span class='ocrx_word' id='word_1_132' title='bbox 516 2269 796 2336; x_wconf 87' lang='lat' dir='ltr'><strong>solidum</strong></span> <span class='ocrx_word' id='word_1_133' title='bbox 846 2275 915 2336; x_wconf 90' lang='lat' dir='ltr'><strong>et</strong></span> <span class='ocrx_word' id='word_1_134' title='bbox 960 2270 1241 2336; x_wconf 88' lang='lat' dir='ltr'><strong>heredes</strong></span> <span class='ocrx_word' id='word_1_135' title='bbox 1299 2289 1379 2335; x_wconf 90' lang='lat' dir='ltr'><strong>ac</strong></span> <span class='ocrx_word' id='word_1_136' title='bbox 1440 2288 1864 2336; x_wconf 88' lang='lat' dir='ltr'><strong>successores</strong></span> <span class='ocrx_word' id='word_1_137' title='bbox 1923 2275 2208 2353; x_wconf 80' lang='lat' dir='ltr'><strong>nostros,</strong></span> <span class='ocrx_word' id='word_1_138' title='bbox 2262 2289 2392 2336; x_wconf 92' lang='lat' dir='ltr'><strong>non</strong></span> <span class='ocrx_word' id='word_1_139' title='bbox 2438 2272 2504 2339; x_wconf 87' lang='lat' dir='ltr'><strong>vi</strong></span> <span class='ocrx_word' id='word_1_140' title='bbox 2553 2288 2678 2337; x_wconf 89' lang='lat' dir='ltr'><strong>nec</strong></span> <span class='ocrx_word' id='word_1_141' title='bbox 2721 2276 2906 2339; x_wconf 90' lang='lat' dir='ltr'><strong>metu</strong></span> 
     </span>
     <span class='ocr_line' id='line_1_19' title="bbox 514 2374 2903 2457; baseline 0.001 -18"><span class='ocrx_word' id='word_1_142' title='bbox 514 2374 731 2440; x_wconf 87' lang='lat' dir='ltr'><strong>coacti</strong></span> <span class='ocrx_word' id='word_1_143' title='bbox 774 2392 898 2441; x_wconf 90' lang='lat' dir='ltr'><strong>nec</strong></span> <span class='ocrx_word' id='word_1_144' title='bbox 944 2374 1111 2441; x_wconf 89' lang='lat' dir='ltr'><strong>alias</strong></span> <span class='ocrx_word' id='word_1_145' title='bbox 1158 2374 1526 2457; x_wconf 87' lang='lat' dir='ltr'><strong>subornati,</strong></span> <span class='ocrx_word' id='word_1_146' title='bbox 1576 2376 1696 2440; x_wconf 89' lang='lat' dir='ltr'><strong>sed</strong></span> <span class='ocrx_word' id='word_1_147' title='bbox 1727 2380 2096 2457; x_wconf 88' lang='lat' dir='ltr'><strong>spontanea</strong></span> <span class='ocrx_word' id='word_1_148' title='bbox 2129 2376 2475 2440; x_wconf 89' lang='lat' dir='ltr'><strong>voluntate</strong></span> <span class='ocrx_word' id='word_1_149' title='bbox 2507 2382 2903 2455; x_wconf 85' lang='lat' dir='ltr'><strong>maturoque</strong></span> 
     </span>
     <span class='ocr_line' id='line_1_20' title="bbox 514 2478 2903 2564; baseline 0 -19"><span class='ocrx_word' id='word_1_150' title='bbox 514 2478 787 2545; x_wconf 88' lang='lat' dir='ltr'><strong>consilio</strong></span> <span class='ocrx_word' id='word_1_151' title='bbox 836 2482 904 2546; x_wconf 92' lang='lat' dir='ltr'><strong>et</strong></span> <span class='ocrx_word' id='word_1_152' title='bbox 950 2482 1122 2546; x_wconf 90' lang='lat' dir='ltr'><strong>bona</strong></span> <span class='ocrx_word' id='word_1_153' title='bbox 1169 2478 1651 2546; x_wconf 81' lang='lat' dir='ltr'><strong>deliberatione</strong></span> <span class='ocrx_word' id='word_1_154' title='bbox 1698 2479 2129 2564; x_wconf 81' lang='lat' dir='ltr'><strong>praehabitis,</strong></span> <span class='ocrx_word' id='word_1_155' title='bbox 2176 2484 2407 2546; x_wconf 91' lang='lat' dir='ltr'><strong>tenore</strong></span> <span class='ocrx_word' id='word_1_156' title='bbox 2447 2479 2903 2564; x_wconf 86' lang='lat' dir='ltr'><strong>praesentium</strong></span> 
     </span>
     <span class='ocr_line' id='line_1_21' title="bbox 514 2582 2903 2666; baseline 0.001 -18"><span class='ocrx_word' id='word_1_157' title='bbox 514 2582 899 2666; x_wconf 81' lang='lat' dir='ltr'><strong>obligamuS,</strong></span> <span class='ocrx_word' id='word_1_158' title='bbox 945 2585 1411 2650; x_wconf 87' lang='lat' dir='ltr'><strong>renuntiantes</strong></span> <span class='ocrx_word' id='word_1_159' title='bbox 1458 2586 1540 2649; x_wconf 90' lang='lat' dir='ltr'><strong>de</strong></span> <span class='ocrx_word' id='word_1_160' title='bbox 1588 2590 1778 2651; x_wconf 86' lang='lat' dir='ltr'><strong>certa</strong></span> <span class='ocrx_word' id='word_1_161' title='bbox 1823 2584 2106 2650; x_wconf 88' lang='lat' dir='ltr'><strong>scientia</strong></span> <span class='ocrx_word' id='word_1_162' title='bbox 2150 2603 2270 2666; x_wconf 91' lang='lat' dir='ltr'><strong>pro</strong></span> <span class='ocrx_word' id='word_1_163' title='bbox 2303 2585 2511 2662; x_wconf 74' lang='lat' dir='ltr'><strong>nobie,</strong></span> <span class='ocrx_word' id='word_1_164' title='bbox 2542 2585 2903 2652; x_wconf 88' lang='lat' dir='ltr'><strong>heredibus</strong></span> 
     </span>
     <span class='ocr_line' id='line_1_22' title="bbox 514 2687 2904 2774; baseline 0.001 -20"><span class='ocrx_word' id='word_1_165' title='bbox 514 2694 584 2754; x_wconf 89' lang='lat' dir='ltr'><strong>et</strong></span> <span class='ocrx_word' id='word_1_166' title='bbox 631 2689 1125 2755; x_wconf 88' lang='lat' dir='ltr'><strong>successoribus</strong></span> <span class='ocrx_word' id='word_1_167' title='bbox 1172 2689 1425 2756; x_wconf 89' lang='lat' dir='ltr'><strong>nostris</strong></span> <span class='ocrx_word' id='word_1_168' title='bbox 1472 2689 1647 2755; x_wconf 89' lang='lat' dir='ltr'><strong>omni</strong></span> <span class='ocrx_word' id='word_1_169' title='bbox 1685 2690 2005 2756; x_wconf 90' lang='lat' dir='ltr'><strong>beneficio</strong></span> <span class='ocrx_word' id='word_1_170' title='bbox 2046 2689 2218 2771; x_wconf 83' lang='lat' dir='ltr'><strong>juris</strong></span> <span class='ocrx_word' id='word_1_171' title='bbox 2252 2687 2608 2774; x_wconf 78' lang='lat' dir='ltr'><strong>cujuslibet</strong></span> <span class='ocrx_word' id='word_1_172' title='bbox 2638 2707 2904 2756; x_wconf 89' lang='lat' dir='ltr'><strong>necnon</strong></span> 
     </span>
     <span class='ocr_line' id='line_1_23' title="bbox 514 2783 2905 2878; baseline -0 -19"><span class='ocrx_word' id='word_1_173' title='bbox 514 2794 927 2876; x_wconf 80' lang='lat' dir='ltr'><strong>exceptionis</strong></span> <span class='ocrx_word' id='word_1_174' title='bbox 952 2783 1275 2878; x_wconf 83' lang='lat' dir='ltr'><strong>suffragio</strong></span> <span class='ocrx_word' id='word_1_175' title='bbox 1296 2797 1365 2861; x_wconf 91' lang='lat' dir='ltr'><strong>et</strong></span> <span class='ocrx_word' id='word_1_176' title='bbox 1389 2793 1872 2877; x_wconf 86' lang='lat' dir='ltr'><strong>ammninicu10,</strong></span> <span class='ocrx_word' id='word_1_177' title='bbox 1897 2794 2134 2875; x_wconf 89' lang='lat' dir='ltr'><strong>quibus</strong></span> <span class='ocrx_word' id='word_1_178' title='bbox 2155 2799 2389 2859; x_wconf 88' lang='lat' dir='ltr'><strong>contra</strong></span> <span class='ocrx_word' id='word_1_179' title='bbox 2409 2793 2775 2875; x_wconf 84' lang='lat' dir='ltr'><strong>praemissa</strong></span> <span class='ocrx_word' id='word_1_180' title='bbox 2793 2795 2905 2861; x_wconf 88' lang='lat' dir='ltr'><strong>vel</strong></span> 
     </span>
     <span class='ocr_line' id='line_1_24' title="bbox 516 2898 2901 2983; baseline -0 -18"><span class='ocrx_word' id='word_1_181' title='bbox 516 2917 739 2966; x_wconf 92' lang='lat' dir='ltr'><strong>eorum</strong></span> <span class='ocrx_word' id='word_1_182' title='bbox 769 2899 1036 2979; x_wconf 86' lang='lat' dir='ltr'><strong>aliquod</strong></span> <span class='ocrx_word' id='word_1_183' title='bbox 1063 2901 1143 2965; x_wconf 90' lang='lat' dir='ltr'><strong>de</strong></span> <span class='ocrx_word' id='word_1_184' title='bbox 1169 2900 1320 2983; x_wconf 79' lang='lat' dir='ltr'><strong>Jure</strong></span> <span class='ocrx_word' id='word_1_185' title='bbox 1352 2900 1461 2965; x_wconf 89' lang='lat' dir='ltr'><strong>vel</strong></span> <span class='ocrx_word' id='word_1_186' title='bbox 1493 2901 1575 2965; x_wconf 90' lang='lat' dir='ltr'><strong>de</strong></span> <span class='ocrx_word' id='word_1_187' title='bbox 1605 2898 1784 2965; x_wconf 88' lang='lat' dir='ltr'><strong>facto</strong></span> <span class='ocrx_word' id='word_1_188' title='bbox 1811 2898 1964 2965; x_wconf 87' lang='lat' dir='ltr'><strong>ullis</strong></span> <span class='ocrx_word' id='word_1_189' title='bbox 1996 2917 2280 2980; x_wconf 89' lang='lat' dir='ltr'><strong>unquam</strong></span> <span class='ocrx_word' id='word_1_190' title='bbox 2313 2899 2719 2980; x_wconf 87' lang='lat' dir='ltr'><strong>temporibus</strong></span> <span class='ocrx_word' id='word_1_191' title='bbox 2744 2917 2901 2965; x_wconf 89' lang='lat' dir='ltr'><strong>con-</strong></span> 
     </span>
     <span class='ocr_line' id='line_1_25' title="bbox 514 3002 2901 3086; baseline 0 -17"><span class='ocrx_word' id='word_1_192' title='bbox 514 3003 724 3070; x_wconf 84' lang='lat' dir='ltr'><strong>traire</strong></span> <span class='ocrx_word' id='word_1_193' title='bbox 771 3022 1114 3086; x_wconf 89' lang='lat' dir='ltr'><strong>possemus</strong></span> <span class='ocrx_word' id='word_1_194' title='bbox 1154 3002 1641 3085; x_wconf 89' lang='lat' dir='ltr'><strong>quomodolibet</strong></span> <span class='ocrx_word' id='word_1_195' title='bbox 1673 3004 1784 3070; x_wconf 89' lang='lat' dir='ltr'><strong>vel</strong></span> <span class='ocrx_word' id='word_1_196' title='bbox 1816 3003 2062 3086; x_wconf 83' lang='lat' dir='ltr'><strong>venire,</strong></span> <span class='ocrx_word' id='word_1_197' title='bbox 2096 3021 2214 3069; x_wconf 91' lang='lat' dir='ltr'><strong>seu</strong></span> <span class='ocrx_word' id='word_1_198' title='bbox 2245 3023 2366 3085; x_wconf 88' lang='lat' dir='ltr'><strong>per</strong></span> <span class='ocrx_word' id='word_1_199' title='bbox 2394 3021 2567 3083; x_wconf 89' lang='lat' dir='ltr'><strong>quae</strong></span> <span class='ocrx_word' id='word_1_200' title='bbox 2598 3003 2901 3084; x_wconf 83' lang='lat' dir='ltr'><strong>praedic-</strong></span> 
     </span>
     <span class='ocr_line' id='line_1_26' title="bbox 510 3107 2901 3190; baseline 0.001 -17"><span class='ocrx_word' id='word_1_201' title='bbox 510 3113 729 3175; x_wconf 86' lang='lat' dir='ltr'><strong>torum</strong></span> <span class='ocrx_word' id='word_1_202' title='bbox 762 3109 1046 3174; x_wconf 87' lang='lat' dir='ltr'><strong>omnium</strong></span> <span class='ocrx_word' id='word_1_203' title='bbox 1080 3108 1385 3176; x_wconf 86' lang='lat' dir='ltr'><strong>executio</strong></span> <span class='ocrx_word' id='word_1_204' title='bbox 1411 3113 1643 3190; x_wconf 89' lang='lat' dir='ltr'><strong>posset</strong></span> <span class='ocrx_word' id='word_1_205' title='bbox 1674 3110 1784 3176; x_wconf 89' lang='lat' dir='ltr'><strong>vel</strong></span> <span class='ocrx_word' id='word_1_206' title='bbox 1813 3109 2090 3175; x_wconf 85' lang='lat' dir='ltr'><strong>deberet</strong></span> <span class='ocrx_word' id='word_1_207' title='bbox 2121 3107 2544 3188; x_wconf 87' lang='lat' dir='ltr'><strong>aliquatenus</strong></span> <span class='ocrx_word' id='word_1_208' title='bbox 2577 3109 2901 3190; x_wconf 87' lang='lat' dir='ltr'><strong>impediri.</strong></span> 
     </span>
    </p>

    <p class='ocr_par' dir='ltr' id='par_1_5' title="bbox 720 3213 1602 3298">
     <span class='ocr_line' id='line_1_27' title="bbox 720 3213 1602 3298; baseline -0.005 -18"><span class='ocrx_word' id='word_1_209' title='bbox 720 3213 961 3280; x_wconf 84' lang='lat' dir='ltr'><strong>Testes</strong></span> <span class='ocrx_word' id='word_1_210' title='bbox 994 3264 1005 3278; x_wconf 93' lang='lat'>.</span> <span class='ocrx_word' id='word_1_211' title='bbox 1040 3265 1053 3277; x_wconf 91' lang='lat'>.</span> <span class='ocrx_word' id='word_1_212' title='bbox 1084 3265 1099 3280; x_wconf 85' lang='lat'><strong>.</strong></span> <span class='ocrx_word' id='word_1_213' title='bbox 1146 3213 1226 3279; x_wconf 89' lang='lat' dir='ltr'><strong>In</strong></span> <span class='ocrx_word' id='word_1_214' title='bbox 1273 3214 1462 3298; x_wconf 90' lang='lat' dir='ltr'><strong>cujus</strong></span> <span class='ocrx_word' id='word_1_215' title='bbox 1496 3265 1509 3280; x_wconf 93' lang='lat'><strong>.</strong></span> <span class='ocrx_word' id='word_1_216' title='bbox 1542 3262 1602 3278; x_wconf 91' lang='lat'><strong>..</strong></span> 
     </span>
    </p>
   </div>
   <div class='ocr_carea' id='block_1_3' title="bbox 510 3349 2901 3526">
    <p class='ocr_par' dir='ltr' id='par_1_6' title="bbox 510 3349 2901 3526">
     <span class='ocr_line' id='line_1_28' title="bbox 722 3349 2901 3436; baseline -0.002 -16"><span class='ocrx_word' id='word_1_217' title='bbox 722 3355 965 3420; x_wconf 89' lang='lat' dir='ltr'><strong>Actum</strong></span> <span class='ocrx_word' id='word_1_218' title='bbox 1012 3357 1080 3419; x_wconf 92' lang='lat' dir='ltr'><strong>et</strong></span> <span class='ocrx_word' id='word_1_219' title='bbox 1126 3354 1349 3418; x_wconf 88' lang='lat' dir='ltr'><strong>datum</strong></span> <span class='ocrx_word' id='word_1_220' title='bbox 1419 3351 1489 3419; x_wconf 92' lang='lat' dir='ltr'><strong>in</strong></span> <span class='ocrx_word' id='word_1_221' title='bbox 1552 3357 1772 3420; x_wconf 89' lang='lat' dir='ltr'><strong>castro</strong></span> <span class='ocrx_word' id='word_1_222' title='bbox 1835 3352 2162 3436; x_wconf 86' lang='lat' dir='ltr'><strong>Pragensi</strong></span> <span class='ocrx_word' id='word_1_223' title='bbox 2217 3351 2339 3419; x_wconf 86' lang='lat' dir='ltr'><strong>IIL</strong></span> <span class='ocrx_word' id='word_1_224' title='bbox 2404 3351 2548 3418; x_wconf 83' lang='lat' dir='ltr'><strong>Kal.</strong></span> <span class='ocrx_word' id='word_1_225' title='bbox 2610 3349 2901 3434; x_wconf 83' lang='lat' dir='ltr'><strong>Augusti</strong></span> 
     </span>
     <span class='ocr_line' id='line_1_29' title="bbox 510 3459 921 3526; baseline -0.012 0"><span class='ocrx_word' id='word_1_226' title='bbox 510 3479 569 3526; x_wconf 89' lang='lat' dir='ltr'><strong>a.</strong></span> <span class='ocrx_word' id='word_1_227' title='bbox 608 3459 683 3525; x_wconf 93' lang='lat' dir='ltr'><strong>D.</strong></span> <span class='ocrx_word' id='word_1_228' title='bbox 739 3463 921 3524; x_wconf 87' lang='lat'>1343.</span> 
     </span>
    </p>
   </div>
   <div class='ocr_carea' id='block_1_4' title="bbox 509 3595 2900 3788">
    <p class='ocr_par' dir='ltr' id='par_1_7' title="bbox 509 3595 2900 3788">
     <span class='ocr_line' id='line_1_30' title="bbox 718 3595 2900 3688; baseline -0.002 -25"><span class='ocrx_word' id='word_1_229' title='bbox 718 3597 939 3688; x_wconf 69' lang='lat' dir='ltr'><strong>(Ao-ch.</strong></span> <span class='ocrx_word' id='word_1_230' title='bbox 985 3596 1049 3664; x_wconf 81' lang='lat' dir='ltr'><strong>S.</strong></span> <span class='ocrx_word' id='word_1_231' title='bbox 1105 3597 1309 3665; x_wconf 77' lang='lat' dir='ltr'><strong>Wenc.</strong></span> <span class='ocrx_word' id='word_1_232' title='bbox 1337 3634 1426 3647; x_wconf 88' lang='lat'><strong>·—</strong></span> <span class='ocrx_word' id='word_1_233' title='bbox 1460 3595 1676 3684; x_wconf 77' lang='lat' dir='ltr'><strong>Chytil</strong></span> <span class='ocrx_word' id='word_1_234' title='bbox 1718 3597 1850 3665; x_wconf 87' lang='lat' dir='ltr'><strong>VH.</strong></span> <span class='ocrx_word' id='word_1_235' title='bbox 1874 3621 1944 3684; x_wconf 80' lang='lat' dir='ltr'><strong>p.</strong></span> <span class='ocrx_word' id='word_1_236' title='bbox 1976 3598 2119 3665; x_wconf 87' lang='grc'><strong><em>363.</em></strong></span> <span class='ocrx_word' id='word_1_237' title='bbox 2148 3634 2237 3647; x_wconf 88' lang='lat'><strong>·—</strong></span> <span class='ocrx_word' id='word_1_238' title='bbox 2269 3595 2516 3663; x_wconf 73' lang='lat' dir='ltr'><strong>Griinh.</strong></span> <span class='ocrx_word' id='word_1_239' title='bbox 2547 3595 2597 3661; x_wconf 92' lang='grc' dir='ltr'><strong>Ῑ.</strong></span> <span class='ocrx_word' id='word_1_240' title='bbox 2635 3596 2777 3660; x_wconf 89' lang='lat'><em>321.</em></span> <span class='ocrx_word' id='word_1_241' title='bbox 2809 3633 2900 3645; x_wconf 94' lang='lat'>—</span> 
     </span>
     <span class='ocr_line' id='line_1_31' title="bbox 509 3701 1150 3788; baseline 0.005 -22"><span class='ocrx_word' id='word_1_242' title='bbox 509 3702 725 3767; x_wconf 80' lang='lat' dir='ltr'><strong>Emler</strong></span> <span class='ocrx_word' id='word_1_243' title='bbox 778 3703 821 3766; x_wconf 92' lang='lat' dir='ltr'><strong><em>I</em></strong></span> <span class='ocrx_word' id='word_1_244' title='bbox 825 3703 887 3771; x_wconf 90' lang='lat' dir='ltr'><strong>V.</strong></span> <span class='ocrx_word' id='word_1_245' title='bbox 937 3701 1150 3788; x_wconf 83' lang='lat'><em>1306.)</em></span> 
     </span>
    </p>
   </div>
   <div class='ocr_carea' id='block_1_5' title="bbox 508 3889 2892 4084">
    <p class='ocr_par' dir='ltr' id='par_1_8' title="bbox 508 3889 2892 4084">
     <span class='ocr_line' id='line_1_32' title="bbox 715 3889 2892 3980; baseline 0 -20"><span class='ocrx_word' id='word_1_246' title='bbox 715 3895 866 3960; x_wconf 91' lang='grc'><strong>222.</strong></span> <span class='ocrx_word' id='word_1_247' title='bbox 915 3890 1235 3962; x_wconf 82' lang='lat' dir='ltr'><strong>Carolus</strong></span> <span class='ocrx_word' id='word_1_248' title='bbox 1282 3891 1622 3962; x_wconf 86' lang='lat' dir='ltr'><strong>marchio</strong></span> <span class='ocrx_word' id='word_1_249' title='bbox 1671 3892 2064 3962; x_wconf 84' lang='lat' dir='ltr'><strong>confirmat</strong></span> <span class='ocrx_word' id='word_1_250' title='bbox 2109 3891 2528 3980; x_wconf 85' lang='lat' dir='ltr'><strong>privilegia</strong></span> <span class='ocrx_word' id='word_1_251' title='bbox 2559 3893 2636 3961; x_wconf 87' lang='lat' dir='ltr'><strong>et</strong></span> <span class='ocrx_word' id='word_1_252' title='bbox 2664 3889 2892 3961; x_wconf 87' lang='lat' dir='ltr'><strong>liber-</strong></span> 
     </span>
     <span class='ocr_line' id='line_1_33' title="bbox 508 3995 1878 4084; baseline 0 -18"><span class='ocrx_word' id='word_1_253' title='bbox 508 3999 707 4067; x_wconf 86' lang='lat' dir='ltr'><strong>tates</strong></span> <span class='ocrx_word' id='word_1_254' title='bbox 754 3995 1226 4067; x_wconf 80' lang='lat' dir='ltr'><strong>dominorum</strong></span> <span class='ocrx_word' id='word_1_255' title='bbox 1271 3995 1878 4084; x_wconf 84' lang='lat' dir='ltr'><strong>Legnicensium.</strong></span> 
     </span>
    </p>
   </div>
   <div class='ocr_carea' id='block_1_6' title="bbox 1390 4117 2010 4204">
    <p class='ocr_par' dir='ltr' id='par_1_9' title="bbox 1390 4117 2010 4204">
     <span class='ocr_line' id='line_1_34' title="bbox 1390 4117 2010 4204; baseline 0 -17"><span class='ocrx_word' id='word_1_256' title='bbox 1390 4120 1583 4204; x_wconf 84' lang='lat'><strong>1343,</strong></span> <span class='ocrx_word' id='word_1_257' title='bbox 1631 4119 1741 4187; x_wconf 85' lang='lat'><strong>30.</strong></span> <span class='ocrx_word' id='word_1_258' title='bbox 1791 4117 2010 4189; x_wconf 87' lang='lat' dir='ltr'><strong>Julii.</strong></span> 
     </span>
    </p>
   </div>
   <div class='ocr_carea' id='block_1_7' title="bbox 509 4257 2892 4446">
    <p class='ocr_par' dir='ltr' id='par_1_10' title="bbox 509 4257 2892 4446">
     <span class='ocr_line' id='line_1_35' title="bbox 716 4257 2892 4342; baseline 0.001 -20"><span class='ocrx_word' id='word_1_259' title='bbox 716 4257 852 4323; x_wconf 86' lang='lat' dir='ltr'><strong>Nos</strong></span> <span class='ocrx_word' id='word_1_260' title='bbox 898 4257 1193 4340; x_wconf 83' lang='lat' dir='ltr'><strong>CaroluS,</strong></span> <span class='ocrx_word' id='word_1_261' title='bbox 1240 4259 1421 4341; x_wconf 86' lang='lat' dir='ltr'><strong>regis</strong></span> <span class='ocrx_word' id='word_1_262' title='bbox 1469 4259 1541 4324; x_wconf 92' lang='lat' dir='ltr'><strong>B.</strong></span> <span class='ocrx_word' id='word_1_263' title='bbox 1580 4259 2078 4342; x_wconf 78' lang='lat' dir='ltr'><strong>primogenitus,</strong></span> <span class='ocrx_word' id='word_1_264' title='bbox 2111 4259 2400 4326; x_wconf 86' lang='lat' dir='ltr'><strong>marchio</strong></span> <span class='ocrx_word' id='word_1_265' title='bbox 2433 4259 2540 4341; x_wconf 87' lang='lat' dir='ltr'><strong>M.‚</strong></span> <span class='ocrx_word' id='word_1_266' title='bbox 2579 4277 2892 4342; x_wconf 83' lang='lat' dir='ltr'><strong>recogno-</strong></span> 
     </span>
     <span class='ocr_line' id='line_1_36' title="bbox 509 4361 2892 4446; baseline 0.001 -19"><span class='ocrx_word' id='word_1_267' title='bbox 509 4361 749 4428; x_wconf 83' lang='lat' dir='ltr'><strong>scimus</strong></span> <span class='ocrx_word' id='word_1_268' title='bbox 796 4367 867 4426; x_wconf 89' lang='lat' dir='ltr'><strong>et</strong></span> <span class='ocrx_word' id='word_1_269' title='bbox 912 4363 997 4427; x_wconf 86' lang='lat' dir='ltr'><strong>ad</strong></span> <span class='ocrx_word' id='word_1_270' title='bbox 1040 4362 1501 4429; x_wconf 88' lang='lat' dir='ltr'><strong>universorum</strong></span> <span class='ocrx_word' id='word_1_271' title='bbox 1562 4364 1867 4433; x_wconf 88' lang='lat' dir='ltr'><strong>notitiam</strong></span> <span class='ocrx_word' id='word_1_272' title='bbox 1928 4365 2226 4431; x_wconf 76' lang='lat' dir='ltr'><strong>,volumus</strong></span> <span class='ocrx_word' id='word_1_273' title='bbox 2289 4365 2659 4446; x_wconf 86' lang='lat' dir='ltr'><strong>pervenire,</strong></span> <span class='ocrx_word' id='word_1_274' title='bbox 2719 4365 2892 4444; x_wconf 87' lang='lat' dir='ltr'><strong>quod</strong></span> 
     </span>
    </p>
   </div>
   <div class='ocr_carea' id='block_1_8' title="bbox 3210 3469 3232 4950">
    <p class='ocr_par' dir='ltr' id='par_1_11' title="bbox 3210 3469 3232 4950">
     <span class='ocr_line' id='line_1_37' title="bbox 3210 3469 3232 4950; baseline 0 0"><span class='ocrx_word' id='word_1_275' title='bbox 3210 3469 3232 4950; x_wconf 95' lang='lat' dir='ltr'><strong> </strong></span> 
     </span>
    </p>
   </div>
  </div>
 </body>
</html>
