3288 4973
1356 420 1747 481 -233—

350 621 595 687 landen
644 624 777 689 und
820 622 968 690 iren
1012 624 1277 705 lemen,
1322 625 1455 690 und
1502 623 1726 689 haben
1767 624 1940 689 auch
1987 622 2054 688 in
2093 623 2452 688 denselben
2499 640 2745 689 unsern

353 735 501 791 satz
549 728 683 792 und
730 726 902 794 fride
949 746 1275 813 genumen
1324 731 1456 795 uud
1494 746 1796 810 ‚gezogen
1827 730 1954 793 den
1989 779 2001 792 .
2034 778 2091 793 ..
2141 728 2306 793 horn
2345 726 2752 793 friderichen

354 829 697 897 bischofen
744 850 827 898 zu
870 833 1371 917 Regenspurch‚
1426 834 1496 899 di
1542 840 1682 899 stat
1744 851 1824 899 zu
1884 832 2362 914 Regenspurch
2429 832 2564 897 und
2620 830 2750 897 alle

356 934 417 1001 ir
461 934 717 1003 helfere
764 938 895 1007 und
942 936 1039 1003 ire
1086 937 1230 1003 lant
1274 939 1411 1004 und
1454 937 1670 1005 lewte.

567 1072 813 1160 (Emrar
862 1074 971 1144 [ν.
1016 1076 1243 1165 1316.)

562 1322 714 1387 225.
742 1318 1037 1391 Civitas
1055 1318 1826 1390 Frankensteinensis
1844 1318 2643 1407 (Munstirbergensis)
2667 1323 2745 1389 et

358 1421 655 1517 nobiles
714 1422 1119 1494 districtus
1177 1424 1344 1513 ejus
1394 1424 1710 1512 jubente
1775 1422 2086 1493 Nicolao
2144 1422 2506 1493 Bolconis
2567 1422 2757 1508 filio,

357 1526 549 1596 duce
598 1526 897 1597 Sleziae
941 1530 1020 1598 et
1065 1527 1366 1599 domino
1409 1526 2139 1615 Munsterbergensi‚
2194 1530 2756 1615 recognoscunt

354 1651 441 1701 se
486 1630 807 1720 regibus
867 1634 946 1703 et
1003 1651 1327 1703 coronae
1384 1632 1471 1702 Β.
1532 1630 1932 1703 fidelitatis
1994 1630 2349 1719 homagio
2412 1630 2750 1719 obligari

354 1738 587 1823 atque
668 1734 1209 1807 decedentibus
1286 1735 1612 1806 dominis
1690 1735 1856 1806 suis
1929 1734 2292 1805 masculis
2357 1734 2454 1805 ad
2519 1754 2746 1823 reges

356 1844 437 1909 et
482 1858 841 1911 coronam
886 1838 1199 1911 eandem
1242 1839 1555 1911 devolvi
1598 1838 1898 1910 debere.

1173 1974 1369 2057 1343,
1414 1976 1524 2041 14.
1572 1970 1950 2041 Octobris.

566 2126 695 2182 List
748 2128 1051 2183 konseluov
1087 2130 1266 2183 mesta
1302 2126 1754 2182 Frankensteina
1788 2143 1823 2182 a
1860 2127 2030 2182 vsech
2067 2142 2304 2183 manuov
2353 2126 2630 2194 okolnich‚
2682 2132 2749 2181 ze

343 2214 521 2284 jakoz
550 2215 671 2284 jest
698 2214 893 2283 Bouto,
918 2214 1119 2269 knieze
1146 2215 1383 2280 slezsko,
1412 2216 1617 2283 vfiecky
1657 2216 1812 2269 zeme
1837 2216 1934 2269 sve
1960 2214 2052 2269 dal
2077 2213 2224 2269 krali
2246 2214 2283 2269 J
2285 2214 2449 2269 anovi
2475 2214 2750 2283 ceskemu‚

351 2300 608 2355 dedicom
643 2301 663 2355 i
700 2302 959 2357 buducim
996 2302 1206 2357 kralom
1244 2304 1484 2369 ceskym‚
1524 2302 1624 2355 tak
1664 2300 1754 2355 oni
1791 2317 1827 2356 v
1863 2307 1978 2356 tom
2013 2300 2149 2370 stoji
2185 2317 2220 2356 a
2257 2303 2296 2355 k
2331 2300 2602 2355 zadnemu
2647 2306 2754 2355 nez

354 2390 394 2443 k
434 2390 697 2443 ceskemu
734 2388 879 2443 krali
918 2390 1072 2445 zfem'
1118 2388 1293 2458 chteji
1346 2386 1521 2457 mieti,
1564 2387 1798 2457 jestlize
1851 2388 1920 2455 by
1965 2392 2064 2441 ten
2111 2388 2287 2442 Bolko
2336 2388 2439 2443 bez
2485 2387 2754 2443 dedicuov

352 2474 485 2531 ssel.
530 2477 678 2530 1343.

570 2609 649 2676 In
718 2610 980 2678 nomine
1054 2611 1318 2676 Domini
1388 2613 1617 2678 Amen.
1703 2611 1834 2678 Res
1894 2615 2088 2692 gesta
2147 2608 2345 2676 facile
2411 2607 2660 2675 labitur
2713 2627 2754 2673 a

356 2714 695 2797 memoria,
741 2733 937 2796 quam
984 2735 1115 2782 non
1160 2718 1434 2782 roborat
1479 2719 1549 2783 et
1581 2714 1842 2783 validat
1882 2713 2108 2781 lucida
2137 2714 2348 2780 series
2381 2713 2756 2794 literarum3

360 2820 639 2903 proinde
685 2838 805 2886 nos
852 2819 1159 2887 consules
1206 2824 1485 2901 totaque
1530 2818 1938 2888 universitas
1985 2817 2226 2884 civium
2273 2822 2344 2884 et
2390 2817 2750 2884 incolarum

358 2923 663 2992 civitatis
709 2923 778 2990 in
823 2923 1321 2991 Frankenstein
1380 2923 1918 3010 (Munstirberg),
1977 2935 2232 3004 nosque
2269 2926 2416 3006 etc.⁷
2476 2927 2754 3002 totaque

358 3028 771 3096 universitas
816 3029 1131 3096 nobilium
1178 3035 1249 3095 et
1294 3030 1699 3096 vasallorum
1745 3030 2039 3115 ejusdem
2071 3027 2756 3096 Frankensteinensis

362 3133 1069 3220 (Munstirbergensis)
1152 3134 1502 3201 districtus
1578 3137 1664 3202 ad
1741 3139 2129 3218 perpetuam
2203 3131 2302 3198 rei
2377 3132 2753 3199 memoriam

362 3238 903 3324 recognoscimus
951 3244 1021 3304 et
1079 3242 1162 3305 ad
1225 3240 1680 3306 universorum
1741 3238 2196 3321 praesentium
2249 3240 2320 3302 et
2363 3235 2757 3318 futurorum,

362 3361 640 3424 quorum
687 3343 975 3409 interest
1018 3348 1137 3410 aut
1176 3344 1509 3410 interesse
1540 3343 1792 3426 poterit
1823 3340 2310 3423 quomodolibet
2341 3340 2409 3406 in
2441 3339 2757 3423 futurum,

362 3449 665 3516 volumus
732 3446 1037 3514 notitiam
1106 3447 1478 3530 pervenire,
1546 3449 1720 3529 quod
1789 3465 1934 3512 cum
1991 3444 2206 3511 felicis
2267 3444 2754 3511 recordatiouis

364 3554 696 3634 quondam
741 3551 1129 3634 magnificus
1179 3552 1509 3635 princepS,
1557 3555 1615 3618 d.
1663 3551 1866 3618 Bolco
1914 3551 2048 3616 dux
2113 3548 2393 3632 Sleziae,
2453 3547 2754 3615 dominus

360 3661 597 3724 noster
643 3647 725 3722 de
773 3655 1249 3741 Munstirberg‚
1296 3660 1448 3724 dum
1495 3658 1778 3740 viveret,
1825 3661 2046 3722 terras
2095 3672 2253 3722 suas
2300 3654 2652 3720 universas
2684 3659 2752 3720 et

364 3760 663 3844 singulas
710 3759 1255 3828 excellentissimi
1302 3759 1643 3843 principis,
1690 3761 1731 3826 d
1789 3760 1836 3826 J
1841 3757 2074 3825 oannis
2103 3759 2282 3840 regis
2315 3759 2407 3840 B.‚
2437 3758 2754 3824 heredum

366 3869 437 3930 et
481 3881 941 3931 successorum
986 3883 1255 3931 suorum
1302 3883 1382 3930 ac
1428 3883 1714 3932 coronae
1767 3862 1954 3944 regni
2017 3862 2308 3929 eiusdem
2370 3862 2757 3930 submiserit

366 3974 439 4034 et
482 3966 849 4052 subjecerit
894 3969 1157 4050 dicioni,
1204 3973 1278 4036 ut
1324 3969 1635 4051 princeps
1683 3968 1998 4035 Boemiae
2053 3973 2424 4033 mereretur
2481 3966 2627 4033 fieri
2689 3972 2758 4034 et

365 4072 684 4155 vasallus„
729 4078 927 4154 prout
968 4074 1037 4140 in
1082 4073 1299 4140 literis
1346 4075 1639 4155 ipsorum
1685 4073 1844 4139 hinc
1897 4072 2051 4138 inde
2111 4071 2434 4137 confectis
2496 4071 2754 4153 plenius

366 4177 779 4244 continetur:
846 4194 967 4244 nos
1027 4177 1311 4244 illustris
1373 4177 1712 4260 principis
1775 4179 1832 4242 d.
1897 4176 2175 4260 Nicolai‚
2238 4178 2425 4244 ducis
2477 4175 2754 4259 sleziae,

370 4279 613 4348 domini
671 4282 755 4346 de
816 4281 1289 4364 Munstirberg,
1350 4282 1471 4348 filii
1530 4281 1742 4363 ipsius
1803 4281 1994 4347 ducis
2051 4280 2360 4347 Bolconis
2409 4281 2763 4364 praedicti,

372 4385 584 4462 nostri
630 4384 771 4454 veri
819 4393 886 4463 et
930 4386 1261 4464 naturalis
1308 4386 1569 4472 domini,
1617 4385 1832 4477 patris
1878 4384 2006 4474 sui,
2050 4385 2404 4452 inhaerere
2454 4383 2757 4474 vestigiis
