3288 4973
1335 389 1726 450 —149—

344 595 641 679 Hynconi
686 595 943 663 Bercae
989 598 1069 662 de
1118 595 1312 661 Duba
1356 594 1505 678 vid„
1563 595 1928 664 Henselino
1974 601 2058 666 de
2125 599 2355 683 Lippa,
2413 598 2716 664 Thimoni

343 703 417 766 de
460 701 731 767 Kolditz
778 707 849 766 et
890 699 1121 766 Ulrico
1181 698 1483 780 Pflugoni
1544 717 1664 766 seu
1725 701 1894 785 aliis,
1953 721 2116 784 quos
2165 705 2251 768 ad
2295 703 2420 769 hoc
2467 701 2612 784 ipse
2659 704 2716 767 d.

340 823 451 870 rex
478 805 927 888 deputaverit,
963 805 1189 886 ipsius,
1220 803 1537 870 heredum
1570 810 1639 871 et
1671 824 2126 874 successorum
2161 825 2425 872 suorum
2455 806 2718 872 nomine

342 927 450 990 per
494 907 873 976 antedictos
935 908 1231 974 homines
1286 907 1352 973 in
1400 909 1766 989 praedictis
1827 909 2108 977 civitate
2169 911 2422 992 Luban,
2483 910 2716 976 Fried-

340 1016 509 1098 berg,
556 1015 797 1080 Zaraw
843 1019 914 1079 et
958 1015 1147 1080 Zwet
1192 1013 1438 1078 castris
1484 1018 1555 1078 et
1600 1015 1888 1080 dominio
1934 1016 2328 1098 residentes,
2366 1014 2713 1082 fidelitatis

338 1117 701 1200 homagium
748 1115 897 1184 fieri
940 1117 1170 1184 statim
1232 1117 1609 1184 tenebimur
1670 1137 2050 1202 procurare,
2113 1121 2210 1186 sic
2257 1119 2460 1204 (quod
2508 1119 2714 1203 absit)

336 1220 517 1288 uobis
566 1222 712 1288 sine
758 1221 1007 1288 herede
1054 1221 1345 1287 masculo
1393 1223 1892 1308 decedentibus,
1960 1231 2034 1291 ut
2081 1231 2326 1290 extunc
2373 1225 2718 1306 praedicta

331 1325 539 1392 omnia
603 1328 689 1392 ad
751 1324 1207 1406 saepedictum
1265 1343 1506 1407 regem,
1586 1327 1871 1394 heredes
1933 1334 2002 1396 et
2059 1347 2482 1395 successores
2544 1347 2716 1410 61106,

332 1431 411 1495 ad
478 1447 756 1514 reguum
825 1429 899 1494 B.
968 1427 1181 1496 libere
1248 1429 1722 1512 devolvantur3
1793 1431 2044 1499 habitis
2114 1437 2338 1499 autem
2399 1431 2715 1516 legitimis

336 1535 691 1600 heredibus
760 1533 1074 1600 masculis
1121 1539 1275 1616 post
1318 1552 1439 1599 nos
1486 1534 1762 1618 relictis,
1823 1543 1982 1602 tunc
2045 1537 2260 1604 omnia
2321 1541 2718 1619 praenotata

334 1639 517 1704 uobis
566 1643 637 1704 et
684 1638 933 1704 eisdem
980 1641 1433 1706 remanebunt.

534 1743 615 1810 In
662 1744 851 1826 cujus
900 1745 998 1810 rei
1043 1745 1497 1811 testimonium
1544 1795 1557 1810 .
1604 1797 1617 1808 .
1667 1796 1680 1810 .

530 1883 781 1948 Datum
826 1883 1312 1950 Wratislaviae
1355 1902 1413 1949 a.
1460 1883 1539 1948 D.
1590 1889 1775 1952 1337.
1836 1885 1904 1950 in
1961 1889 2203 1951 octava
2262 1885 2716 1952 Innocentum.

530 2019 655 2106 (A.
705 2019 800 2089 K.
854 2059 929 2066 --
980 2019 1371 2107 Grilnhaqen
1424 2021 1472 2087 I.
1520 2023 1665 2088 142.
1710 2062 1795 2071 —
1841 2021 2002 2089 Eml.
2051 2023 2091 2084 I
2101 2020 2164 2089 V.
2211 2022 2386 2110 366.)

528 2257 682 2324 136.
728 2252 1039 2324 Henrici
1084 2251 1303 2322 ducis
1352 2253 1667 2336 Slesiae‚
1703 2254 1985 2325 domini
2032 2254 2124 2324 (16
2166 2255 2714 2341 Furstemberg

326 2363 395 2428 et
439 2359 521 2430 in
568 2361 616 2430 J
621 2379 833 2445 avor,
880 2357 1289 2446 promissio
1335 2358 1429 2427 (16
1476 2358 1796 2429 civitate
1829 2358 2131 2446 Glogov
2173 2359 2398 2430 facta.

1252 2483 1447 2567 1337,
1492 2485 1556 2549 4.
1606 2481 1658 2551 J
1661 2502 1778 2551 an.

524 2622 649 2675 List
708 2620 1003 2689 Hem-ycha
1063 2620 1323 2675 kniezete
1382 2619 1744 2687 Javorskeho,
1802 2626 1867 2674 ze
1917 2619 2032 2689 jest
2072 2622 2226 2689 jemu
2279 2622 2400 2675 krail
2450 2622 2561 2675 Jan
2613 2624 2705 2675 dal

325 2708 539 2763 Hlohov
596 2723 658 2763 se
712 2710 853 2763 vsim
904 2707 1370 2775 ph'slusenstvim,
1431 2711 1495 2760 ze
1555 2706 1753 2776 slibnje
1809 2708 1827 2760 i
1882 2709 2088 2775 vsecky
2143 2710 2394 2775 poddane
2451 2709 2536 2776 pii
2585 2708 2703 2777 jich

324 2798 550 2863 pravich
585 2796 882 2850 zachovati
919 2814 951 2850 a
986 2794 1205 2863 kclyzby
1245 2795 1313 2849 ho
1350 2794 1509 2849 Buoh
1557 2796 1883 2862 neuchoval,
1932 2800 1998 2849 ze
2047 2802 2105 2849 to
2144 2799 2232 2849 ma
2269 2812 2399 2850 zase
2438 2812 2509 2851 na
2547 2798 2704 2851 krale

322 2883 584 2952 spadmiti
622 2886 773 2937 1337.

524 3009 659 3073 Nos
720 3005 1079 3073 Heinricus
1128 3006 1205 3071 D.
1254 3025 1351 3089 gr.
1398 3008 1531 3071 dux
1580 3007 1858 3089 Sleziae,
1920 3005 2220 3072 domiuus
2267 3007 2349 3071 de
2397 3008 2703 3074 Ful-stin-

319 3114 483 3196 berg
532 3118 599 3177 et
644 3112 713 3177 in
757 3113 1004 3178 Jawor.
1074 3110 1180 3177 Ad
1226 3110 1532 3176 notitiam
1579 3111 2040 3177 universorum
2100 3116 2334 3177 tenore
2396 3131 2705 3193 praesen-

318 3218 475 3283 tium
524 3217 822 3283 volumus
867 3216 1241 3298 pervenire,
1288 3218 1462 3295 quod
1509 3215 1665 3295 quia
1711 3216 2098 3298 magnificus
2148 3216 2476 3299 princepS,
2538 3217 2704 3282 dom.

314 3321 670 3402 Johannes
704 3322 777 3386 B.
825 3339 947 3386 rex
991 3319 1271 3385 illustris
1318 3338 1399 3384 ac
1445 3338 1663 3386 comes
1711 3319 1810 3403 L.,
1857 3322 2150 3386 sororius
2208 3326 2440 3386 noster
2501 3322 2704 3385 caris-

316 3426 535 3509 simuS,
593 3426 939 3492 civitatem
1000 3444 1186 3491 suam
1249 3424 1642 3508 Glogoviam
1713 3444 1856 3491 cum
1929 3430 2068 3489 toto
2120 3425 2328 3505 ipsius
2392 3425 2702 3491 districtu

315 3537 382 3597 et
426 3530 768 3597 territorio
816 3532 901 3595 ad
951 3530 1131 3596 vitae
1184 3535 1456 3596 nostrae
1518 3535 1818 3610 tempora
1878 3529 2067 3594 nobis
2132 3530 2316 3594 dedit
2377 3532 2458 3595 de
2521 3548 2702 3593 mera

315 3656 431 3701 sua
492 3634 943 3702 munificentia
998 3640 1068 3701 et
1129 3636 1407 3700 donavit
1467 3654 1587 3717 per
1649 3653 1769 3700 nos
1830 3637 2140 3716 tenenda,
2197 3636 2514 3717 regenda,
2575 3634 2701 3699 uti-

314 3740 595 3806 fruenda
646 3745 717 3806 et
764 3740 967 3806 etiam
1014 3739 1443 3822 possidenda:
1493 3758 1611 3805 nos
1661 3740 2028 3821 viceversa,
2059 3758 2144 3805 ne
2177 3741 2406 3804 eadem
2440 3738 2703 3830 civitas,

317 3842 662 3911 districtus
710 3862 828 3910 seu
875 3844 1285 3910 territorium
1334 3844 1781 3926 Glogoviense
1831 3850 1900 3909 et
1945 3842 2240 3924 ipsorum
2288 3843 2545 3908 incolae
2580 3846 2700 3909 sub

316 3954 543 4014 nostro
608 3946 927 4030 regimine
998 3953 1066 4013 et
1128 3948 1412 4013 dominio
1468 3948 1784 4014 deficiant
1843 3949 2116 4014 inantea
2177 3947 2327 4029 plus
2389 3947 2585 4013 solito
2633 3954 2702 4013 et

316 4054 681 4135 laedantur,
734 4055 852 4119 sed
898 4053 1119 4135 potius
1169 4053 1503 4118 continuis
1551 4052 1825 4118 valeant
1872 4054 2194 4132 proficere
2253 4052 2701 4133 incrementis,

318 4160 487 4225 bona
533 4162 599 4223 et
643 4158 907 4224 sincera
950 4160 1079 4224 fide
1126 4163 1359 4223 nostra
1406 4156 1855 4239 promittimus
1901 4156 2032 4238 ipsi
2079 4158 2242 4222 dom.
2289 4156 2449 4239 regi,
2512 4157 2699 4221 here-

321 4263 507 4329 dibus
552 4268 621 4327 et
664 4264 1167 4329 successoribus
1212 4262 1349 4329 suis
1402 4263 1685 4328 firmiter
1746 4268 1814 4327 et
1877 4264 2291 4345 spondemus,
2353 4267 2428 4327 ut
2492 4259 2700 4342 ipsius

322 4366 657 4433 districtus
734 4385 854 4434 seu
930 4367 1255 4434 territorii
1330 4367 1641 4449 vasalloS,
1718 4367 1992 4449 nobileS‚
2069 4366 2334 4449 militeS,
2403 4366 2700 4449 clienteS,
