3288 4973
1575 318 1967 379 -444-

770 518 922 585 431.
970 516 1408 603 Acquisitio
1451 518 1923 605 quorundam
1956 518 2335 591 redituum
2368 520 2713 609 episcopi
2745 520 2951 591 Bam·

562 617 969 706 bergensis
1011 619 1094 689 in
1141 618 1487 708 Antiquo
1535 621 1873 709 Pegnicz
1921 627 2063 694 etc.

1135 760 1331 843 1358,
1378 762 1488 829 28.
1535 758 1775 830 Junii.
1824 761 2382 849 (Bambergae.)

772 912 1088 983 Leupoldus
1126 915 1556 985 Bambergensis
1612 916 1905 985 episcopus
1962 918 2353 973 consentiente
2396 919 2647 986 capitulo
2684 921 2959 975 ecclesiae

564 1012 700 1053 suae
735 998 953 1056 fatetur
989 1016 1050 1055 se
1089 1012 1274 1056 certos
1311 1002 1546 1073 fructus,
1599 1012 1905 1073 proventus
1950 1012 2009 1058 et
2046 1004 2263 1059 reditus
2297 1004 2357 1060 in
2392 1004 2639 1073 Antiquo
2692 1006 2959 1077 Peg-nica,

563 1086 734 1155 Brun,
759 1086 1085 1157 Haimbrun,
1109 1088 1471 1153 Lubenstein,
1499 1090 1778 1159 Neunhof‚
1804 1090 2166 1146 Steinenreut
2192 1098 2254 1146 et
2276 1091 2611 1146 Ibentstuck
2638 1091 2835 1147 Oai-olo
2862 1090 2957 1146 IV.

564 1178 626 1226 et
662 1188 896 1227 coronae
933 1173 1096 1243 regni
1133 1174 1196 1229 B.
1233 1178 1338 1231 600
1373 1190 1488 1231 sex.
1527 1191 1706 1244 gross,
1746 1176 1910 1247 Prag.
1950 1176 2285 1233 vendidisse.

773 1312 994 1399 (Arch.
1041 1312 1109 1382 S.
1162 1314 1396 1397 We‘nc.)

769 1592 921 1659 432.
983 1590 1305 1661 Carolus
1351 1589 1477 1659 IV.
1527 1590 1954 1679 Imperator
1998 1592 2398 1663 confirmat
2441 1592 2750 1664 litteras
2796 1594 2962 1664 Fri-

561 1690 803 1762 de1·ici
849 1693 945 1763 11.
992 1695 1204 1765 Rom.
1253 1695 1439 1782 Imp.
1488 1714 1685 1765 anno
1729 1698 1928 1777 1212,
1958 1699 2068 1765 26.
2103 1696 2308 1785 Sept.
2348 1696 2697 1769 Basileae
2729 1698 2955 1770 datas

561 1803 917 1885 respectu
962 1796 1399 1871 donationis
1446 1800 1687 1870 castri
1734 1799 1980 1871 Floss.

1443 1941 1638 2026 1358,
1686 1941 1794 2009 30.
1842 1939 2082 2009 Junii.

765 2092 1036 2161 majestat
1071 2094 1284 2149 ciesaie
1326 2094 1512 2164 Karia,
1551 2096 1751 2162 kteryz
1786 2110 1823 2149 v
1859 2095 1993 2151 sobe
2030 2097 2225 2151 zavira
2258 2094 2361 2150 list
2394 2094 2609 2151 ciesai'e
2657 2096 2963 2151 Fridricha

561 2192 592 2230 o
627 2178 832 2234 zamku
867 2181 1044 2250 Pleas,
1081 2181 1302 2251 krajine
1339 2181 1534 2237 Miline
1571 2186 1676 2237 ete.
1728 2186 1777 2237 A
1826 2190 1923 2237 ten
1978 2183 2114 2237 take
2170 2182 2270 2236 list
2322 2183 2519 2237 zavira
2574 2198 2609 2234 v
2666 2182 2799 2237 sobe
2858 2183 2961 2236 list

559 2263 775 2321 ciesaie
811 2266 1103 2322 Fritlricha
1140 2269 1295 2323 deda.
1541 2279 1546 2285 '

769 2406 1042 2474 Carolus
1091 2410 1386 2494 Quartus
1434 2416 1562 2475 etc.
1609 2421 1735 2477 etc.

773 2513 956 2580 Licet
1003 2516 1226 2582 clarae
1273 2516 1630 2582 memoriae
1677 2515 1976 2582 illustres
2032 2517 2359 2596 quondam
2418 2515 2493 2581 B.
2540 2533 2759 2599 regeS,
2806 2533 2961 2596 pro-

557 2617 900 2700 genitores
945 2619 1178 2702 nostri,
1242 2628 1431 2687 certa
1479 2621 1830 2702 privilegia
1877 2628 1949 2687 et
1992 2621 2262 2686 litteras
2308 2637 2511 2700 super
2556 2620 2961 2698 quibusdam

557 2722 821 2806 castriS,
873 2723 1076 2789 terris
1137 2729 1207 2789 et
1263 2727 1465 2790 rebus
1527 2723 1695 2806 aliis
1756 2742 1925 2804 quae
1988 2725 2299 2807 specifice
2360 2722 2827 2804 exprimuntur
2890 2725 2960 2790 in

558 2825 675 2906 θίε,
723 2845 762 2890 a
809 2845 1001 2893 sacro
1065 2829 1362 2894 Romano
1420 2829 1712 2911 Imperio
1774 2829 2142 2911 praeclaris
2204 2837 2275 2894 et
2330 2826 2629 2908 acceptis
2689 2827 2961 2894 meritis

556 2929 928 2997 obtinuisse
1005 2942 1386 3015 noscantur,
1462 2933 1637 2998 sicut
1708 2933 1833 2998 hoc
1906 2933 1972 2997 in
2040 2931 2532 3014 privilegiorum
2597 2931 2960 2998 tenoribus

555 3033 974 3101 manifestius
1013 3037 1430 3104 declaratur:
1471 3044 1713 3119 tamen,
1735 3045 1935 3119 prout
1956 3035 2332 3103 assertione
2357 3035 2639 3100 illustris
2664 3033 2869 3101 Albei
2886 3037 2961 3118 ti,

553 3139 892 3222 Austriae,
955 3141 1226 3224 Styriae
1279 3148 1351 3207 et
1396 3141 1784 3208 carinthiae
1846 3141 2054 3224 duciS,
2116 3139 2437 3222 principis
2500 3146 2570 3204 et
2630 3140 2955 3205 avunculi

555 3244 766 3309 nostri
813 3243 1062 3328 dilecti,
1107 3247 1238 3312 rite
1285 3246 1739 3328 comperimuS,
1782 3245 2157 3312 huiusmodi
2186 3244 2461 3310 litterae
2494 3251 2561 3307 et
2594 3241 2959 3325 privilegia

553 3346 623 3411 in
691 3367 811 3414 sua
878 3355 948 3414 et
1015 3352 1510 3433 progenitorum
1588 3350 1817 3432 ipsiuS,
1892 3351 2125 3416 ducum
2197 3346 2535 3429 Austriae,
2604 3352 2957 3428 potestate

550 3449 826 3518 fuerunt
871 3455 1076 3521 multo
1116 3459 1252 3542 jam
1298 3462 1616 3537 tempore,
1682 3473 1805 3520 nec
1858 3455 1945 3519 ad
2004 3471 2163 3519 usus
2210 3457 2475 3518 nostros
2534 3468 2656 3516 seu
2712 3469 2956 3535 proge-

553 3557 842 3624 nitorum
917 3567 1314 3642 nostrorum,
1374 3578 1598 3642 regum
1662 3559 1756 3641 Β,
1813 3559 2140 3624 hactenus
2204 3561 2686 3638 pervenerunt3
2734 3573 2825 3620 ex
2874 3573 2956 3621 eo

551 3662 932 3747 praecipue,
977 3666 1152 3745 quod
1199 3665 1422 3730 clarae
1469 3664 1821 3730 memoriae
1885 3654 2167 3729 illustris
2226 3662 2548 3740 Joannes,
2611 3661 2955 3738 quondam

551 3767 864 3836 Boemiae
925 3786 1063 3852 rex,
1123 3769 1388 3852 genitor
1446 3776 1677 3833 noster
1722 3767 2027 3850 dilectus,
2088 3766 2157 3832 in
2212 3767 2420 3848 primo
2480 3780 2763 3830 accessu
2830 3781 2958 3830 suo

550 3872 638 3938 ad
685 3890 956 3954 regnum
1018 3873 1095 3938 Β.
1144 3873 1536 3955 praefatum,
1583 3877 1901 3952 tanquam
1944 3871 2223 3952 advena,
2254 3869 2520 3952 jurium,
2548 3868 2959 3933 libertatum

551 3980 622 4040 et
669 3975 1115 4043 conditionum
1163 3977 1353 4059 regni
1399 3977 1474 4042 Β.
1524 3982 1594 4042 et
1640 3981 1864 4041 status
1925 3973 2067 4041 eius
2127 3973 2400 4055 ignarus
2454 3970 2828 4054 nesciebat,
2896 3971 2958 4038 si

549 4080 722 4145 tales
770 4079 1041 4146 litterae
1094 4080 1363 4148 habitae
1431 4081 1654 4147 forent
1719 4079 1788 4144 in
1856 4077 2191 4144 thesauris
2260 4077 2448 4158 regni
2514 4080 2585 4141 et
2652 4092 2956 4141 coronae

547 4185 956 4268 praedictae,
995 4191 1114 4250 aut
1145 4185 1213 4250 in
1245 4185 1387 4252 eius
1425 4194 1741 4265 tanquam
1774 4185 1848 4248 B.
1880 4182 2055 4265 regis
2089 4185 2429 4262 potestate
2462 4179 2953 4262 consisterent,

545 4306 711 4369 quas
759 4295 982 4354 tamen
1030 4293 1372 4370 praelatus
1421 4291 1554 4354 dux
1599 4287 1938 4367 Austriae,
1993 4287 2212 4350 dictus
2258 4283 2624 4350 avunculus
2687 4290 2955 4365 noster,
