3288 4973
1395 440 1783 503 -587-

601 650 756 719 640.
805 644 1125 718 Carolus
1171 644 1300 715 IV.
1355 645 1536 733 imp.
1586 641 1983 713 confirmat
2020 636 2369 707 unionem
2404 634 2791 705 marchiae

397 750 1119 841 Brundebu1·gensis
1167 754 1244 820 et
1288 748 1731 821 Lusicensis
1778 762 1945 815 cum
1991 758 2233 827 regno
2280 740 2649 811 Boemiae.

1013 888 1208 975 1373,
1255 892 1320 958 2.
1368 887 1741 959 Octobris.
1792 884 2173 970 (pragae.)

602 1048 730 1103 List
787 1048 996 1103 ciesaio
1053 1046 1246 1115 Karia,
1303 1046 1446 1099 kdez
1501 1044 1797 1113 potvrzuje
1852 1043 2183 1111 sstupovaui
2236 1040 2303 1095 od
2358 1036 2619 1093 kniezete
2674 1032 2787 1099 Oty

395 1136 708 1192 ucineneho
769 1136 923 1191 zeme
981 1132 1344 1188 bramburske
1404 1131 1550 1185 krali
1609 1130 1947 1185 Vacslavovi
2014 1131 2287 1195 ceskcmu,
2342 1126 2477 1196 jeho
2536 1120 2787 1176 dedicom

393 1224 416 1279 i
456 1222 734 1291 buducim,
772 1238 805 1277 a
834 1220 998 1291 jestli
1035 1219 1175 1289 zeby
1211 1222 1308 1286 ty!
1344 1219 1468 1273 kral
1509 1218 1610 1273 bez
1650 1218 1922 1271 dedicuov
1977 1216 2103 1283 ssel,
2154 1212 2354 1269 Janovi
2403 1208 2787 1265 moravskemu

399 1309 685 1365 markrabi
723 1324 758 1363 a
783 1308 919 1377 jeho
957 1308 1216 1362 dedicom.

605 1446 732 1503 List
768 1447 982 1503 ciesaie
1019 1446 1208 1513 Karla,
1266 1448 1410 1503 kdez
1461 1446 1757 1515 potvrque
1804 1445 2132 1511 sstupovam’
2171 1440 2324 1495 zeme
2358 1432 2719 1493 brambursks
2756 1448 2791 1485 a

401 1536 624 1591 luzicke
661 1536 731 1590 od
765 1535 1030 1591 kniezete
1067 1534 1181 1603 Oty
1219 1534 1365 1589 krali
1400 1532 1756 1593 Vacslavovi,
1806 1528 2165 1599 Sigmundovi
2204 1542 2238 1581 a
2272 1525 2491 1592 Janovi,
2540 1519 2788 1584 bratiim,

401 1622 715 1677 ucineneho
765 1642 798 1677 a
844 1622 1096 1691 spojenie
1149 1620 1280 1676 tech
1329 1622 1472 1675 zemi
1515 1620 1880 1675 bramburske
1930 1633 1963 1671 a
2012 1616 2231 1669 luzicke
2274 1613 2291 1667 i
2331 1630 2357 1667 s
2392 1606 2788 1679 piislusejicim

402 1712 440 1765 k
479 1712 688 1765 korune
726 1711 892 1763 ceske
929 1709 1180 1763 acincus.

606 1849 728 1932 (A.
779 1847 871 1917 K.
919 1886 1006 1897 --
1050 1846 1244 1913 Arch.
1287 1844 1350 1913 S.
1407 1844 1609 1911 Wenc.
1659 1880 1739 1893 --
1784 1843 2001 1929 Luniq
2046 1843 2097 1907 I.
2142 1864 2199 1905 n.
2250 1836 2581 1923 CCCVH.)

395 2196 401 2203 1
614 2112 763 2178 611.
809 2108 1132 2178 Carolus
1178 2106 1361 2193 Imp.
1403 2104 1606 2175 filios
1637 2102 2187 2187 wenceslaum,
2222 2096 2793 2187 Sigismundum

418 2218 646 2301 atque
691 2211 1111 2283 Johannem
1156 2208 1480 2281 investit
1540 2208 1634 2278 de
1698 2205 2039 2277 marchia
2096 2200 2793 2289 Brandeburgensi.

1008 2334 1202 2417 1373,
1249 2334 1313 2401 2.
1363 2331 1737 2401 Octobris.
1800 2328 2185 2415 (pragae.)

616 2476 679 2528 A.
733 2474 870 2528 1373
903 2474 970 2528 D.
1012 2472 1324 2539 Imperator
1369 2470 1500 2538 quia
1549 2469 1684 2524 Otto
1734 2468 1977 2524 marchio
2026 2464 2563 2535 Brandeburgensis,
2618 2478 2796 2533 gener

410 2576 562 2630 suuS,
613 2576 720 2614 non
759 2559 991 2614 tenebat
1037 2557 1309 2627 promissa
1359 2573 1474 2626 sua,
1525 2558 1671 2625 quod
1720 2557 1851 2624 quia
1899 2555 2197 2610 heredibus
2248 2554 2495 2620 carebat,
2545 2553 2793 2607 marchia

407 2648 800 2702 devolveretur
837 2647 906 2700 ad
946 2661 1145 2713 pueros
1183 2647 1232 2701 d.
1272 2645 1651 2713 Imperatoris,
1691 2645 1787 2698 sed
1827 2657 2087 2710 expresse
2126 2643 2352 2696 veniens
2390 2649 2585 2695 contra
2622 2646 2792 2708 pacta

405 2745 464 2790 et
500 2735 730 2801 placita,
767 2733 906 2788 fecit
941 2733 1136 2802 ,iurare
1173 2733 1439 2787 civitates
1477 2731 1628 2787 illius
1669 2743 1853 2786 terrae
1891 2730 2193 2797 FridericO,
2221 2727 2347 2783 duci
2374 2730 2665 2798 Bavariae,
2692 2743 2795 2784 suo

405 2830 622 2890 patruo,
676 2829 734 2876 et
783 2822 832 2874 d.
883 2821 1284 2888 Imperatorem
1340 2829 1398 2874 et
1447 2821 1587 2875 filios
1639 2835 1783 2887 suos,
1835 2818 2033 2886 quibus
2084 2823 2271 2871 tamen
2321 2816 2473 2884 prius
2526 2817 2791 2870 civitates

395 2909 742 2978 juraverant,
781 2907 1000 2962 omuino
1039 2907 1300 2976 exclusit,
1341 2907 1484 2960 unde
1523 2907 1835 2972 Imperator
1874 2914 2216 2973 congregato
2256 2903 2507 2958 exercitu
2552 2904 2795 2959 intravit

405 3007 613 3049 terram
651 2994 1226 3062 Brandeburgensem.

611 3081 689 3135 Et
726 3097 848 3136 cum
905 3081 1305 3148 acquisivisset
1361 3081 1596 3134 castella
1650 3079 1921 3146 quaedam
1979 3087 2038 3135 et
2086 3079 2367 3147 civitateS,
2422 3079 2617 3133 videns
2671 3079 2793 3144 ipse

403 3169 648 3223 marchio
687 3183 748 3222 se
784 3167 1032 3223 fraudari
1072 3183 1187 3236 spe,
1227 3183 1386 3234 quam
1425 3167 1623 3222 habuit
1658 3166 1719 3221 in
1743 3166 1950 3222 auxilio
1978 3166 2127 3235 regis
2159 3166 2456 3234 Ungariae,
2480 3165 2815 3234 resignavit,

407 3263 616 3308 terram
653 3255 746 3308 Br.
799 3254 856 3308 in
893 3270 1058 3308 manu
1114 3255 1147 3308 d
1219 3254 1355 3320 Imp.
1411 3263 1472 3306 et
1523 3255 1761 3307 filiorum
1816 3269 2051 3320 suorum,
2108 3253 2394 3319 perpetuis
2452 3251 2794 3318 temporibus

405 3341 738 3396 renuntians
793 3341 938 3396 omni
980 3340 1118 3410 juri,
1172 3340 1315 3408 quod
1369 3339 1474 3394 sibi
1523 3347 1626 3394 aut
1671 3339 1788 3394 suis
1836 3339 2075 3408 posteris
2128 3353 2225 3392 seu
2275 3340 2510 3406 patruis,
2558 3338 2794 3392 ducibus

407 3426 698 3496 Bavariae,
740 3435 1054 3496 competere
1093 3434 1284 3495 posset
1318 3427 1378 3481 in
1413 3425 1679 3482 futurum.

611 3513 924 3569 Praetextu
961 3513 1364 3583 resignationis
1403 3527 1499 3566 seu
1538 3512 1806 3568 cessionis
1843 3513 2123 3568 marchiae
2160 3513 2251 3566 ΒΥ.
2292 3513 2449 3568 dedit
2484 3515 2797 3579 Imperator

405 3600 710 3656 marchioni
750 3601 963 3670 Ottoni,
1003 3617 1148 3656 nunc
1187 3601 1312 3655 duci
1352 3601 1647 3670 Bavariae,
1684 3601 1949 3656 civitates
1989 3611 2047 3655 et
2086 3609 2273 3655 castra
2324 3599 2485 3669 regni
2533 3599 2793 3655 Boemiae

405 3687 466 3742 in
501 3686 758 3756 partibus
798 3688 1074 3743 Bavariae
1114 3688 1254 3743 sitas
1292 3696 1350 3742 et
1388 3687 1528 3742 sita:
1569 3687 1843 3743 Sulzbach
1882 3687 2172 3742 civitatem
2210 3696 2271 3742 et
2296 3697 2556 3755 castrum,
2582 3689 2792 3743 Roseu-

407 3775 547 3844 berg
585 3782 844 3844 castrum,
890 3775 1114 3829 Hirsaw
1168 3775 1272 3828 civ.
1328 3783 1388 3828 et
1425 3791 1488 3838 c,
1537 3775 1831 3843 Herspruk
1869 3775 1971 3829 civ.
2013 3783 2072 3829 et
2110 3792 2174 3840 c.,
2219 3775 2449 3830 Lauffen
2489 3774 2593 3830 civ.
2634 3781 2692 3830 et
2730 3791 2794 3844 c.,

404 3870 648 3916 castrum
684 3861 861 3932 Floss,
901 3869 1147 3916 castrum
1185 3860 1591 3929 Lichtenstein,
1631 3869 1877 3916 castrum
1903 3861 2211 3930 Neidstein,
2237 3862 2596 3917 medietatem
2624 3862 2795 3917 castri

405 3949 804 4017 Breitenstein,
842 3954 1088 4004 castrum
1114 3948 1428 4018 Buchberg,
1457 3956 1703 4002 castrum
1730 3947 2093 4005 Lichteneke.
2123 3956 2452 4003 castrum-et
2476 3951 2535 4003 in
2560 3950 2795 4018 pignora

405 4045 650 4090 castrum
688 4033 1044 4090 Tum-Stauff
1075 4043 1136 4089 et
1171 4043 1418 4089 castrum
1455 4035 1748 4105 Adelburg
1785 4049 2133 4103 annuamque
2170 4037 2491 4104 pensionem
2514 4039 2655 4092 3000
2680 4051 2794 4091 sex.

409 4137 492 4191 gr.
531 4123 642 4192 Pr.‚
679 4137 946 4178 summam
981 4123 1211 4178 200.000
1246 4122 1298 4176 fl.
1339 4119 1681 4177 terminatim
1720 4123 2039 4178 solvendam
2079 4131 2139 4178 et
2174 4124 2378 4192 pignus
2421 4127 2643 4183 100.000
2674 4125 2725 4178 fl.

617 4245 684 4298 K.
721 4245 858 4300 Karl
895 4244 1125 4301 belchnt
1161 4245 1316 4299 seine
1355 4245 1527 4299 sohue
1563 4246 1669 4300 mit
1707 4246 1804 4299 der
1842 4245 1956 4300 ihm
1992 4262 2100 4300 von
2136 4246 2345 4302 seinem
2383 4245 2561 4300 eidam
2588 4246 2798 4315 herzog

413 4335 548 4386 Otto
584 4338 751 4388 unter
789 4332 1170 4401 zustimmung
1205 4333 1348 4387 aller
1386 4333 1572 4386 seiner
1609 4340 1858 4400 agneten
1886 4334 2294 4402 abgetretenen
2321 4334 2801 4402 markgrat'schaft

411 4419 822 4490 Brandenburg
861 4434 960 4474 aus
987 4420 1128 4475 kais.
1157 4419 1852 4474 machtvollkommenheit.
1896 4424 2077 4489 (Arch.
2110 4423 2158 4477 S.
2200 4422 2366 4475 Wenc.
2396 4451 2457 4461 -—
2488 4423 2679 4474 Riedel
2704 4421 2803 4491 ΙΙ.)
