3288 4973
1411 392 1751 451 *35-

583 590 980 674 obligantes
1005 590 1429 657 nihilominus
1454 612 1592 674 n08‚
1629 594 1911 659 heredes
1938 600 2007 659 et
2031 611 2454 659 successores
2494 598 2764 659 nostros

369 694 756 773 praedictos
775 698 896 761 sub
918 696 1282 777 praemisso
1287 695 1663 779 juramento
1678 697 2116 780 corporaliter
2130 698 2473 780 praestito,
2486 697 2761 763 solemni

363 798 805 879 stipulatione
851 800 1268 883 interposita,
1315 799 1446 883 ipsi
1490 802 1753 868 domino
1798 808 2029 868 nostro
2076 802 2239 887 regi,
2286 800 2645 869 heredibus
2692 808 2763 867 et

365 903 872 971 successoribus
917 903 1054 969 suis
1106 902 1428 986 praefatis
1472 906 1939 989 promittimus
1984 908 2161 987 quod
2222 906 2770 987 quotiescumque

367 1012 444 1073 et
509 1010 1058 1089 quandocumque
1127 1010 1270 1091 ipse
1328 1009 1628 1076 dominus
1690 1018 1924 1077 noster
1983 1030 2101 1077 rex
2152 1010 2435 1095 jusserit
2492 1017 2563 1077 et
2624 1010 2766 1091 ejus

359 1113 695 1195 jusserint
726 1112 1170 1197 successores,
1201 1115 1416 1196 ipsum
1453 1122 1522 1181 et
1555 1133 1669 1181 eos
1702 1115 2077 1199 juvabimus
2109 1120 2179 1181 et
2202 1114 2431 1198 juvari
2471 1115 2770 1181 volumus

367 1234 496 1297 per
559 1218 844 1283 heredes
891 1224 962 1285 et
1005 1234 1430 1285 successores
1493 1226 1757 1286 nostros
1818 1227 2053 1287 contra
2120 1237 2375 1286 omnem
2441 1218 2770 1285 hominem

365 1321 662 1387 fideliter
707 1327 846 1388 toto
893 1341 1108 1405 posse,
1153 1327 1484 1405 tamquam
1533 1322 1677 1406 ejus
1723 1324 1938 1390 fidelis
1996 1324 2309 1406 vasalluS,
2356 1341 2613 1389 necnon
2676 1323 2761 1386 ad

365 1424 592 1490 omnia
639 1432 711 1492 et
756 1425 1018 1511 singula
1080 1428 1148 1493 in
1209 1436 1618 1511 perpetuum,
1676 1446 1844 1509 quae
1896 1428 2051 1511 jura
2112 1426 2295 1494 feudi
2355 1428 2637 1509 exigunt
2696 1430 2766 1491 et

363 1530 724 1610 requirunt
797 1536 868 1597 et
920 1532 1124 1598 etiam
1170 1551 1342 1613 quae
1404 1534 1682 1615 quisque
1750 1533 1965 1601 fidelis
2034 1533 2329 1599 vasallus
2396 1550 2514 1597 suo
2602 1547 2762 1596 vero

364 1635 635 1700 domino
679 1635 902 1701 facere
950 1642 1174 1716 potest
1217 1639 1286 1701 in
1335 1638 1632 1703 omnibus
1678 1646 1881 1717 atque
1930 1638 2145 1701 debet.

583 1738 728 1805 Hoc
772 1746 992 1805 autem
1041 1740 1428 1822 specialiter
1473 1758 1811 1823 expresso,
1870 1742 2049 1820 quod
2096 1740 2154 1806 si
2200 1756 2319 1805 nos
2382 1738 2482 1805 vel
2546 1755 2767 1818 quem-

363 1861 652 1923 cumque
699 1861 782 1908 ex
824 1844 1074 1909 nostris
1121 1844 1477 1911 heredibus
1523 1852 1592 1910 et
1639 1845 2138 1911 successoribus
2186 1842 2374 1909 nobis
2408 1842 2767 1909 succeden-

361 1947 554 2013 tibus
598 1947 666 2011 in
707 1948 953 2014 ducatu
1017 1949 1362 2030 praedicto
1425 1950 1771 2034 continget
1830 1950 2171 2031 decedere,
2228 1947 2383 2017 filiis
2446 1945 2763 2030 legitimis

355 2070 500 2117 non
549 2050 834 2117 relictis:
881 2059 1127 2119 extunc
1174 2052 1403 2118 statim
1451 2054 1736 2119 ducatus
1783 2053 1927 2135 ipse
1972 2071 2117 2118 cum
2167 2051 2467 2117 omnibus
2513 2055 2583 2115 et
2628 2048 2765 2115 sin-

355 2155 546 2237 gulis
593 2156 994 2237 supradictis
1027 2158 1112 2222 ad
1144 2157 1394 2223 dictum
1428 2156 1757 2223 dominum
1788 2164 2089 2223 nostrum
2122 2174 2347 2239 regem
2381 2158 2449 2221 et
2480 2155 2762 2219 heredes
2816 2238 2837 2256 ο

357 2278 446 2325 ac
521 2278 943 2327 successores
1013 2279 1166 2327 suos
1233 2262 1612 2344 praedictos
1689 2268 1759 2327 et
1833 2262 1920 2327 ad
1994 2278 2269 2344 regnum
2348 2259 2762 2341 praedictum

357 2364 681 2430 Boemiae
725 2364 938 2431 libere
986 2371 1386 2432 revertatur.

574 2467 1004 2537 Promisimus
1071 2470 1359 2552 denique
1420 2476 1491 2537 et
1536 2470 1982 2551 promittimus
2036 2468 2310 2536 solemni
2357 2467 2759 2549 interposita

354 2574 814 2657 stipulatione,
860 2581 933 2640 ut
979 2576 1414 2657 praemissum
1463 2583 1584 2659 est,
1634 2594 1751 2656 pro
1800 2576 2009 2656 nobiS,
2072 2572 2431 2639 heredibus
2479 2589 2558 2638 ac
2613 2590 2753 2638 suc-

354 2677 743 2744 cessoribus
787 2677 1038 2747 nostris
1071 2678 1437 2762 praedictis
1471 2681 1594 2745 sub
1625 2678 1954 2760 praestito
1980 2679 2373 2762 juramento,
2408 2675 2755 2757 praedicta

349 2782 582 2847 omnia
625 2787 694 2848 et
741 2783 1007 2867 singula
1069 2783 1562 2865 praedictorum
1620 2783 1899 2850 firmiter
1959 2800 2232 2848 servare
2293 2789 2619 2862 perpetuo
2684 2789 2751 2846 et

353 2885 844 2953 inviolabiliter
883 2888 1263 2971 adimplere.

570 2991 810 3056 Testes
857 3041 871 3056 .
919 3041 932 3056 .
979 3043 991 3056 .
1041 3043 1054 3056 .
1100 2992 1180 3058 In
1227 3009 1500 3072 quorum
1549 3043 1562 3055 .
1610 3043 1623 3055 .
1673 3044 1684 3056 .
1737 3044 1749 3056 .

567 3111 812 3178 Datum
857 3111 1122 3198 Pragae
1171 3114 1245 3180 V.
1291 3114 1456 3179 Non.
1501 3114 1669 3180 Julii
1717 3115 1794 3179 A.
1845 3115 1923 3180 D.
1978 3119 2163 3179 1318.

568 3249 687 3335 (A.
732 3247 826 3320 K.
855 3285 947 3302 -
971 3251 1168 3318 Arck.
1203 3247 1271 3319 S.
1313 3252 1511 3321 Wene.
1546 3289 1630 3303 -
1664 3252 1885 3338 Chytil
1928 3253 2027 3320 Vl.
2056 3254 2203 3320 136.
2236 3290 2324 3301 —
2356 3251 2749 3336 Grilnhaqen

357 3354 445 3419 II.
495 3355 642 3421 467.
693 3393 771 3404 -·
817 3355 983 3424 Eml.
1034 3357 1162 3422 Ill.
1206 3357 1352 3422 454.
1399 3395 1484 3406 —
1529 3357 1829 3422 Palkava
1876 3359 1965 3422 ad
2008 3380 2068 3423 a.
2112 3357 2335 3445 1318.)

565 3501 689 3616 29'.
773 3545 1180 3619 Promissio
1277 3548 1687 3619 baronibus
1780 3551 1859 3618 et
1955 3547 2335 3619 nobilibus
2425 3547 2743 3616 ducatus

343 3649 800 3736 opaviensis
842 3670 889 3721 a
934 3653 1122 3723 duce
1165 3651 1473 3724 Nicolao
1518 3655 1743 3724 facta.

1230 3791 1454 3879 1318,
1507 3792 1626 3862 19.
1676 3791 1886 3862 Julii.

563 3929 699 3995 Nos
747 3929 1063 3997 Nicolaus
1111 3933 1188 3999 D.
1237 3953 1334 4018 gr.
1381 3936 1515 3998 dux
1561 3933 1877 4016 Opaviae.
1929 3934 2036 3998 Ad
2083 3933 2541 4000 universorum
2574 3930 2743 3995 noti-

339 4035 516 4099 tiam
564 4035 861 4100 volumus
909 4038 1277 4122 pervenire,
1325 4040 1497 4118 quod
1546 4039 1852 4104 volentes
1884 4039 2163 4104 dilectos
2196 4037 2425 4103 fideles
2457 4039 2748 4115 nostrOS,

343 4143 638 4204 barones
668 4144 737 4204 et
760 4140 1016 4206 nobiles
1042 4141 1252 4222 ipsius
1278 4145 1558 4208 ducatus
1587 4143 1799 4209 nostri
1824 4141 2242 4224 opaviensis‚
2267 4159 2430 4221 quos
2459 4139 2651 4221 pleno
2674 4145 2746 4202 et

340 4243 646 4328 gratioso
693 4243 946 4310 favoris
993 4246 1317 4327 applausu
1365 4248 1841 4330 amplectimur,
1890 4249 1975 4312 ad
2030 4245 2261 4312 debita
2318 4250 2386 4311 et
2439 4242 2740 4328 gratuita

343 4364 718 4430 provocare
765 4347 1061 4430 servitia,
1123 4350 1508 4432 pollicemur
1565 4353 1841 4434 eisdem,
1898 4354 2071 4431 quod
2136 4371 2247 4416 eos
2310 4349 2379 4415 in
2439 4346 2737 4412 omnibus

2476 4471 2537 4522 34
