<?xml version="1.0" encoding="UTF-8"?>
<!DOCTYPE html PUBLIC "-//W3C//DTD XHTML 1.0 Transitional//EN"
    "http://www.w3.org/TR/xhtml1/DTD/xhtml1-transitional.dtd">
<html xmlns="http://www.w3.org/1999/xhtml" xml:lang="en" lang="en">
 <head>
  <title>
</title>
<meta http-equiv="Content-Type" content="text/html;charset=utf-8" />
  <meta name='ocr-system' content='tesseract 3.04.00' />
  <meta name='ocr-capabilities' content='ocr_page ocr_carea ocr_par ocr_line ocrx_word'/>
</head>
<body>
  <div class='ocr_page' id='page_1' title='image "./codexjurisbohem00bohegoog_0054.png"; bbox 0 0 3288 4973; ppageno 0'>
   <div class='ocr_carea' id='block_1_1' title="bbox 1466 352 1810 409">
    <p class='ocr_par' dir='ltr' id='par_1_1' title="bbox 1466 352 1810 409">
     <span class='ocr_line' id='line_1_1' title="bbox 1466 352 1810 409; baseline 0.003 -21"><span class='ocrx_word' id='word_1_1' title='bbox 1466 352 1810 409; x_wconf 76' lang='grc'>..40-</span> 
     </span>
    </p>
   </div>
   <div class='ocr_carea' id='block_1_2' title="bbox 431 546 2823 845">
    <p class='ocr_par' dir='ltr' id='par_1_2' title="bbox 431 546 2823 845">
     <span class='ocr_line' id='line_1_2' title="bbox 434 546 2821 635; baseline -0.004 -17"><span class='ocrx_word' id='word_1_2' title='bbox 434 553 724 635; x_wconf 85' lang='lat' dir='ltr'><strong>ipsorum</strong></span> <span class='ocrx_word' id='word_1_3' title='bbox 757 554 1271 621; x_wconf 84' lang='lat' dir='ltr'><strong>castellanorum</strong></span> <span class='ocrx_word' id='word_1_4' title='bbox 1293 554 1694 623; x_wconf 74' lang='lat' dir='ltr'><strong>emunitates</strong></span> <span class='ocrx_word' id='word_1_5' title='bbox 1718 550 2121 632; x_wconf 78' lang='lat' dir='ltr'><strong>praedictaS,</strong></span> <span class='ocrx_word' id='word_1_6' title='bbox 2146 553 2341 630; x_wconf 90' lang='lat' dir='ltr'><strong>prout</strong></span> <span class='ocrx_word' id='word_1_7' title='bbox 2372 547 2473 612; x_wconf 92' lang='lat' dir='ltr'><strong>eis</strong></span> <span class='ocrx_word' id='word_1_8' title='bbox 2498 546 2821 610; x_wconf 87' lang='lat' dir='ltr'><strong>hactenus</strong></span> 
     </span>
     <span class='ocr_line' id='line_1_3' title="bbox 431 651 2823 743; baseline -0.003 -20"><span class='ocrx_word' id='word_1_9' title='bbox 431 660 561 724; x_wconf 86' lang='lat' dir='ltr'><strong>rite</strong></span> <span class='ocrx_word' id='word_1_10' title='bbox 609 657 711 725; x_wconf 87' lang='lat' dir='ltr'><strong>usi</strong></span> <span class='ocrx_word' id='word_1_11' title='bbox 755 662 928 743; x_wconf 89' lang='lat' dir='ltr'><strong>sunt,</strong></span> <span class='ocrx_word' id='word_1_12' title='bbox 977 662 1058 725; x_wconf 89' lang='lat' dir='ltr'><strong>de</strong></span> <span class='ocrx_word' id='word_1_13' title='bbox 1103 666 1376 729; x_wconf 89' lang='lat' dir='ltr'><strong>nostrae</strong></span> <span class='ocrx_word' id='word_1_14' title='bbox 1421 656 1839 728; x_wconf 79' lang='lat' dir='ltr'><strong>celsitudinis</strong></span> <span class='ocrx_word' id='word_1_15' title='bbox 1886 654 2128 739; x_wconf 85' lang='lat' dir='ltr'><strong>gratia,</strong></span> <span class='ocrx_word' id='word_1_16' title='bbox 2162 653 2417 737; x_wconf 87' lang='lat' dir='ltr'><strong>gloriae</strong></span> <span class='ocrx_word' id='word_1_17' title='bbox 2448 651 2823 734; x_wconf 65' lang='lat' dir='ltr'><strong>majestate,</strong></span> 
     </span>
     <span class='ocr_line' id='line_1_4' title="bbox 435 761 1424 845; baseline 0.002 -16"><span class='ocrx_word' id='word_1_18' title='bbox 435 761 900 845; x_wconf 86' lang='lat' dir='ltr'><strong>praesentibus</strong></span> <span class='ocrx_word' id='word_1_19' title='bbox 947 764 1424 832; x_wconf 86' lang='lat' dir='ltr'><strong>confirmamus.</strong></span> 
     </span>
    </p>
   </div>
   <div class='ocr_carea' id='block_1_3' title="bbox 393 876 2837 3562">
    <p class='ocr_par' dir='ltr' id='par_1_3' title="bbox 393 876 2837 3562">
     <span class='ocr_line' id='line_1_5' title="bbox 643 876 2823 970; baseline -0.005 -19"><span class='ocrx_word' id='word_1_20' title='bbox 643 885 942 966; x_wconf 89' lang='lat' dir='ltr'><strong>Amplius</strong></span> <span class='ocrx_word' id='word_1_21' title='bbox 987 890 1228 970; x_wconf 89' lang='lat' dir='ltr'><strong>autem,</strong></span> <span class='ocrx_word' id='word_1_22' title='bbox 1273 893 1352 954; x_wconf 92' lang='lat' dir='ltr'><strong>ut</strong></span> <span class='ocrx_word' id='word_1_23' title='bbox 1395 890 1527 955; x_wconf 90' lang='lat' dir='ltr'><strong>fida</strong></span> <span class='ocrx_word' id='word_1_24' title='bbox 1573 892 1644 953; x_wconf 90' lang='lat' dir='ltr'><strong>et</strong></span> <span class='ocrx_word' id='word_1_25' title='bbox 1689 884 1927 952; x_wconf 90' lang='lat' dir='ltr'><strong>merito</strong></span> <span class='ocrx_word' id='word_1_26' title='bbox 1968 882 2484 950; x_wconf 88' lang='lat' dir='ltr'><strong>commendanda</strong></span> <span class='ocrx_word' id='word_1_27' title='bbox 2517 880 2589 946; x_wconf 88' lang='lat' dir='ltr'><strong>et</strong></span> <span class='ocrx_word' id='word_1_28' title='bbox 2618 876 2823 945; x_wconf 83' lang='lat' dir='ltr'><strong>extol·</strong></span> 
     </span>
     <span class='ocr_line' id='line_1_6' title="bbox 435 982 2826 1071; baseline -0.004 -16"><span class='ocrx_word' id='word_1_29' title='bbox 435 991 632 1055; x_wconf 87' lang='lat' dir='ltr'><strong>lenda</strong></span> <span class='ocrx_word' id='word_1_30' title='bbox 705 989 1035 1071; x_wconf 84' lang='lat' dir='ltr'><strong>preconiis</strong></span> <span class='ocrx_word' id='word_1_31' title='bbox 1114 990 1504 1058; x_wconf 87' lang='lat' dir='ltr'><strong>dilectorum</strong></span> <span class='ocrx_word' id='word_1_32' title='bbox 1581 994 1961 1057; x_wconf 90' lang='lat' dir='ltr'><strong>nostrorum</strong></span> <span class='ocrx_word' id='word_1_33' title='bbox 2035 984 2322 1055; x_wconf 89' lang='lat' dir='ltr'><strong>fidelium</strong></span> <span class='ocrx_word' id='word_1_34' title='bbox 2398 982 2826 1068; x_wconf 86' lang='lat' dir='ltr'><strong>burgensium</strong></span> 
     </span>
     <span class='ocr_line' id='line_1_7' title="bbox 433 1088 2825 1172; baseline -0.003 -13"><span class='ocrx_word' id='word_1_35' title='bbox 433 1092 734 1159; x_wconf 84' lang='lat' dir='ltr'><strong>ciuitatis</strong></span> <span class='ocrx_word' id='word_1_36' title='bbox 801 1093 1302 1162; x_wconf 89' lang='lat' dir='ltr'><strong>Budissinensis</strong></span> <span class='ocrx_word' id='word_1_37' title='bbox 1368 1094 1717 1162; x_wconf 84' lang='lat' dir='ltr'><strong>fidelitatis</strong></span> <span class='ocrx_word' id='word_1_38' title='bbox 1801 1092 2149 1160; x_wconf 76' lang='lat' dir='ltr'><strong>eximietas</strong></span> <span class='ocrx_word' id='word_1_39' title='bbox 2218 1108 2295 1157; x_wconf 92' lang='lat' dir='ltr'><strong>eo</strong></span> <span class='ocrx_word' id='word_1_40' title='bbox 2362 1088 2825 1172; x_wconf 88' lang='lat' dir='ltr'><strong>specialiorum</strong></span> 
     </span>
     <span class='ocr_line' id='line_1_8' title="bbox 441 1190 2831 1283; baseline -0.003 -20"><span class='ocrx_word' id='word_1_41' title='bbox 441 1198 862 1281; x_wconf 85' lang='lat' dir='ltr'><strong>insignlatur,</strong></span> <span class='ocrx_word' id='word_1_42' title='bbox 909 1197 1106 1279; x_wconf 78' lang='lat' dir='ltr'><strong>Juxta</strong></span> <span class='ocrx_word' id='word_1_43' title='bbox 1171 1206 1444 1269; x_wconf 84' lang='lat' dir='ltr'><strong>nostrae</strong></span> <span class='ocrx_word' id='word_1_44' title='bbox 1509 1199 1736 1283; x_wconf 83' lang='lat' dir='ltr'><strong>regiae</strong></span> <span class='ocrx_word' id='word_1_45' title='bbox 1800 1196 2297 1263; x_wconf 87' lang='lat' dir='ltr'><strong>munificenciae</strong></span> <span class='ocrx_word' id='word_1_46' title='bbox 2360 1190 2831 1261; x_wconf 76' lang='lat' dir='ltr'><strong>liberalitatem</strong></span> 
     </span>
     <span class='ocr_line' id='line_1_9' title="bbox 393 1296 2835 1386; baseline -0.003 -18"><span class='ocrx_word' id='word_1_47' title='bbox 393 1337 406 1353; x_wconf 69' lang='lat'>=</span> <span class='ocrx_word' id='word_1_48' title='bbox 434 1320 598 1384; x_wconf 87' lang='lat' dir='ltr'><strong>prae</strong></span> <span class='ocrx_word' id='word_1_49' title='bbox 645 1301 936 1369; x_wconf 87' lang='lat' dir='ltr'><strong>caeteris</strong></span> <span class='ocrx_word' id='word_1_50' title='bbox 982 1302 1391 1386; x_wconf 87' lang='lat' dir='ltr'><strong>libertatum,</strong></span> <span class='ocrx_word' id='word_1_51' title='bbox 1421 1303 1891 1371; x_wconf 85' lang='lat' dir='ltr'><strong>beneficiorum</strong></span> <span class='ocrx_word' id='word_1_52' title='bbox 1922 1306 1993 1366; x_wconf 88' lang='lat' dir='ltr'><strong>et</strong></span> <span class='ocrx_word' id='word_1_53' title='bbox 2032 1299 2401 1384; x_wconf 87' lang='lat' dir='ltr'><strong>gratiarum</strong></span> <span class='ocrx_word' id='word_1_54' title='bbox 2430 1296 2835 1377; x_wconf 85' lang='lat' dir='ltr'><strong>muneribus,</strong></span> 
     </span>
     <span class='ocr_line' id='line_1_10' title="bbox 437 1400 2828 1489; baseline -0.002 -19"><span class='ocrx_word' id='word_1_55' title='bbox 437 1425 565 1489; x_wconf 90' lang='lat' dir='ltr'><strong>quo</strong></span> <span class='ocrx_word' id='word_1_56' title='bbox 609 1406 792 1487; x_wconf 90' lang='lat' dir='ltr'><strong>ipsos</strong></span> <span class='ocrx_word' id='word_1_57' title='bbox 839 1424 1001 1489; x_wconf 88' lang='lat' dir='ltr'><strong>prae</strong></span> <span class='ocrx_word' id='word_1_58' title='bbox 1051 1408 1300 1474; x_wconf 87' lang='lat' dir='ltr'><strong>ceteris</strong></span> <span class='ocrx_word' id='word_1_59' title='bbox 1345 1410 1431 1475; x_wconf 87' lang='lat' dir='ltr'><strong>ad</strong></span> <span class='ocrx_word' id='word_1_60' title='bbox 1477 1413 1751 1475; x_wconf 85' lang='lat' dir='ltr'><strong>nostrae</strong></span> <span class='ocrx_word' id='word_1_61' title='bbox 1798 1404 2217 1473; x_wconf 82' lang='lat' dir='ltr'><strong>celsitudinis</strong></span> <span class='ocrx_word' id='word_1_62' title='bbox 2264 1402 2543 1486; x_wconf 85' lang='lat' dir='ltr'><strong>gloriam</strong></span> <span class='ocrx_word' id='word_1_63' title='bbox 2600 1400 2828 1483; x_wconf 89' lang='lat' dir='ltr'><strong>ampli-</strong></span> 
     </span>
     <span class='ocr_line' id='line_1_11' title="bbox 435 1507 2831 1587; baseline -0.003 -10"><span class='ocrx_word' id='word_1_64' title='bbox 435 1511 674 1577; x_wconf 84' lang='lat' dir='ltr'><strong>andam</strong></span> <span class='ocrx_word' id='word_1_65' title='bbox 720 1511 1020 1577; x_wconf 87' lang='lat' dir='ltr'><strong>novimus</strong></span> <span class='ocrx_word' id='word_1_66' title='bbox 1081 1510 1376 1579; x_wconf 85' lang='lat' dir='ltr'><strong>inhiasse</strong></span> <span class='ocrx_word' id='word_1_67' title='bbox 1421 1520 1492 1579; x_wconf 90' lang='lat' dir='ltr'><strong>et</strong></span> <span class='ocrx_word' id='word_1_68' title='bbox 1537 1511 1890 1579; x_wconf 86' lang='lat' dir='ltr'><strong>laboriosis</strong></span> <span class='ocrx_word' id='word_1_69' title='bbox 1948 1508 2297 1577; x_wconf 86' lang='lat' dir='ltr'><strong>conatibus</strong></span> <span class='ocrx_word' id='word_1_70' title='bbox 2344 1507 2714 1587; x_wconf 77' lang='lat' dir='ltr'><strong>insudasse,</strong></span> <span class='ocrx_word' id='word_1_71' title='bbox 2760 1512 2831 1570; x_wconf 89' lang='lat' dir='ltr'><strong>et</strong></span> 
     </span>
     <span class='ocr_line' id='line_1_12' title="bbox 437 1613 2829 1698; baseline -0.002 -19"><span class='ocrx_word' id='word_1_72' title='bbox 437 1621 513 1679; x_wconf 88' lang='lat' dir='ltr'><strong>ut</strong></span> <span class='ocrx_word' id='word_1_73' title='bbox 558 1615 762 1681; x_wconf 87' lang='lat' dir='ltr'><strong>etiam</strong></span> <span class='ocrx_word' id='word_1_74' title='bbox 808 1632 890 1680; x_wconf 86' lang='lat' dir='ltr'><strong>ex</strong></span> <span class='ocrx_word' id='word_1_75' title='bbox 955 1632 1032 1681; x_wconf 91' lang='lat' dir='ltr'><strong>eo</strong></span> <span class='ocrx_word' id='word_1_76' title='bbox 1095 1617 1408 1698; x_wconf 88' lang='lat' dir='ltr'><strong>specialis</strong></span> <span class='ocrx_word' id='word_1_77' title='bbox 1469 1615 1788 1684; x_wconf 90' lang='lat' dir='ltr'><strong>commodi</strong></span> <span class='ocrx_word' id='word_1_78' title='bbox 1849 1614 2140 1680; x_wconf 87' lang='lat' dir='ltr'><strong>fructum</strong></span> <span class='ocrx_word' id='word_1_79' title='bbox 2200 1613 2692 1691; x_wconf 85' lang='lat' dir='ltr'><strong>consequantur</strong></span> <span class='ocrx_word' id='word_1_80' title='bbox 2756 1614 2829 1675; x_wconf 91' lang='lat' dir='ltr'><strong>et</strong></span> 
     </span>
     <span class='ocr_line' id='line_1_13' title="bbox 439 1715 2831 1801; baseline -0.002 -17"><span class='ocrx_word' id='word_1_81' title='bbox 439 1720 806 1801; x_wconf 87' lang='lat' dir='ltr'><strong>obtineant,</strong></span> <span class='ocrx_word' id='word_1_82' title='bbox 852 1736 981 1799; x_wconf 90' lang='lat' dir='ltr'><strong>quo</strong></span> <span class='ocrx_word' id='word_1_83' title='bbox 1027 1723 1148 1788; x_wconf 90' lang='lat' dir='ltr'><strong>sub</strong></span> <span class='ocrx_word' id='word_1_84' title='bbox 1207 1722 1407 1787; x_wconf 88' lang='lat' dir='ltr'><strong>titulo</strong></span> <span class='ocrx_word' id='word_1_85' title='bbox 1468 1720 1691 1788; x_wconf 87' lang='lat' dir='ltr'><strong>dictae</strong></span> <span class='ocrx_word' id='word_1_86' title='bbox 1757 1718 2055 1785; x_wconf 83' lang='lat' dir='ltr'><strong>ciuitatis</strong></span> <span class='ocrx_word' id='word_1_87' title='bbox 2116 1715 2620 1783; x_wconf 88' lang='lat' dir='ltr'><strong>Budissinensis</strong></span> <span class='ocrx_word' id='word_1_88' title='bbox 2684 1718 2831 1779; x_wconf 86' lang='lat' dir='ltr'><strong>tota</strong></span> 
     </span>
     <span class='ocr_line' id='line_1_14' title="bbox 437 1816 2829 1905; baseline -0.003 -16"><span class='ocrx_word' id='word_1_89' title='bbox 437 1821 729 1890; x_wconf 87' lang='lat' dir='ltr'><strong>marchia</strong></span> <span class='ocrx_word' id='word_1_90' title='bbox 791 1824 1137 1905; x_wconf 85' lang='lat' dir='ltr'><strong>praedicta</strong></span> <span class='ocrx_word' id='word_1_91' title='bbox 1201 1825 1563 1893; x_wconf 87' lang='lat' dir='ltr'><strong>discretivo</strong></span> <span class='ocrx_word' id='word_1_92' title='bbox 1628 1824 1887 1893; x_wconf 86' lang='lat' dir='ltr'><strong>nomine</strong></span> <span class='ocrx_word' id='word_1_93' title='bbox 1956 1840 2031 1888; x_wconf 91' lang='lat' dir='ltr'><strong>se</strong></span> <span class='ocrx_word' id='word_1_94' title='bbox 2077 1826 2411 1901; x_wconf 89' lang='lat' dir='ltr'><strong>tamquam</strong></span> <span class='ocrx_word' id='word_1_95' title='bbox 2456 1840 2498 1887; x_wconf 89' lang='lat' dir='ltr'><strong>a</strong></span> <span class='ocrx_word' id='word_1_96' title='bbox 2544 1816 2829 1901; x_wconf 88' lang='lat' dir='ltr'><strong>digniori</strong></span> 
     </span>
     <span class='ocr_line' id='line_1_15' title="bbox 438 1925 2827 2013; baseline -0.003 -18"><span class='ocrx_word' id='word_1_97' title='bbox 438 1929 689 2013; x_wconf 85' lang='lat' dir='ltr'><strong>gaudet</strong></span> <span class='ocrx_word' id='word_1_98' title='bbox 733 1929 1134 2009; x_wconf 87' lang='lat' dir='ltr'><strong>nuncupari:</strong></span> <span class='ocrx_word' id='word_1_99' title='bbox 1182 1930 1392 2012; x_wconf 86' lang='lat' dir='ltr'><strong>ipsam</strong></span> <span class='ocrx_word' id='word_1_100' title='bbox 1439 1928 1783 1996; x_wconf 86' lang='lat' dir='ltr'><strong>ciuitatem</strong></span> <span class='ocrx_word' id='word_1_101' title='bbox 1830 1927 2147 1993; x_wconf 91' lang='lat' dir='ltr'><strong>Budissin</strong></span> <span class='ocrx_word' id='word_1_102' title='bbox 2180 1931 2250 1991; x_wconf 91' lang='lat' dir='ltr'><strong>et</strong></span> <span class='ocrx_word' id='word_1_103' title='bbox 2282 1925 2427 1991; x_wconf 90' lang='lat' dir='ltr'><strong>eius</strong></span> <span class='ocrx_word' id='word_1_104' title='bbox 2460 1926 2827 2006; x_wconf 86' lang='lat' dir='ltr'><strong>burgenses</strong></span> 
     </span>
     <span class='ocr_line' id='line_1_16' title="bbox 439 2025 2829 2115; baseline -0.003 -18"><span class='ocrx_word' id='word_1_105' title='bbox 439 2034 508 2098; x_wconf 90' lang='lat' dir='ltr'><strong>in</strong></span> <span class='ocrx_word' id='word_1_106' title='bbox 581 2036 973 2115; x_wconf 86' lang='lat' dir='ltr'><strong>perpetuum</strong></span> <span class='ocrx_word' id='word_1_107' title='bbox 1053 2036 1137 2098; x_wconf 89' lang='lat' dir='ltr'><strong>de</strong></span> <span class='ocrx_word' id='word_1_108' title='bbox 1211 2038 1483 2100; x_wconf 90' lang='lat' dir='ltr'><strong>nostrae</strong></span> <span class='ocrx_word' id='word_1_109' title='bbox 1557 2032 1989 2101; x_wconf 86' lang='lat' dir='ltr'><strong>liberalitatis</strong></span> <span class='ocrx_word' id='word_1_110' title='bbox 2064 2027 2523 2097; x_wconf 89' lang='lat' dir='ltr'><strong>munificencia</strong></span> <span class='ocrx_word' id='word_1_111' title='bbox 2596 2025 2829 2093; x_wconf 90' lang='lat' dir='ltr'><strong>talium</strong></span> 
     </span>
     <span class='ocr_line' id='line_1_17' title="bbox 436 2130 2831 2223; baseline -0.003 -20"><span class='ocrx_word' id='word_1_112' title='bbox 436 2137 822 2203; x_wconf 88' lang='lat' dir='ltr'><strong>libertatum</strong></span> <span class='ocrx_word' id='word_1_113' title='bbox 897 2136 1268 2221; x_wconf 87' lang='lat' dir='ltr'><strong>priuilegiis</strong></span> <span class='ocrx_word' id='word_1_114' title='bbox 1345 2138 1754 2223; x_wconf 86' lang='lat' dir='ltr'><strong>insignimus,</strong></span> <span class='ocrx_word' id='word_1_115' title='bbox 1800 2138 1975 2218; x_wconf 89' lang='lat' dir='ltr'><strong>quod</strong></span> <span class='ocrx_word' id='word_1_116' title='bbox 2043 2134 2263 2201; x_wconf 87' lang='lat' dir='ltr'><strong>omnia</strong></span> <span class='ocrx_word' id='word_1_117' title='bbox 2336 2130 2583 2199; x_wconf 87' lang='lat' dir='ltr'><strong>allodia</strong></span> <span class='ocrx_word' id='word_1_118' title='bbox 2656 2130 2831 2197; x_wconf 86' lang='lat' dir='ltr'><strong>infra</strong></span> 
     </span>
     <span class='ocr_line' id='line_1_18' title="bbox 439 2236 2829 2325; baseline -0.002 -18"><span class='ocrx_word' id='word_1_119' title='bbox 439 2240 630 2307; x_wconf 90' lang='lat' dir='ltr'><strong>unius</strong></span> <span class='ocrx_word' id='word_1_120' title='bbox 698 2240 952 2308; x_wconf 89' lang='lat' dir='ltr'><strong>dimidii</strong></span> <span class='ocrx_word' id='word_1_121' title='bbox 1027 2242 1330 2310; x_wconf 90' lang='lat' dir='ltr'><strong>milliaris</strong></span> <span class='ocrx_word' id='word_1_122' title='bbox 1405 2242 1701 2325; x_wconf 90' lang='lat' dir='ltr'><strong>spacium</strong></span> <span class='ocrx_word' id='word_1_123' title='bbox 1776 2244 1861 2309; x_wconf 90' lang='lat' dir='ltr'><strong>ab</strong></span> <span class='ocrx_word' id='word_1_124' title='bbox 1936 2242 2085 2323; x_wconf 81' lang='lat' dir='ltr'><strong>ipsa</strong></span> <span class='ocrx_word' id='word_1_125' title='bbox 2160 2238 2439 2305; x_wconf 88' lang='lat' dir='ltr'><strong>civitate</strong></span> <span class='ocrx_word' id='word_1_126' title='bbox 2514 2236 2829 2303; x_wconf 90' lang='lat' dir='ltr'><strong>Budissin</strong></span> 
     </span>
     <span class='ocr_line' id='line_1_19' title="bbox 439 2339 2830 2429; baseline -0.002 -18"><span class='ocrx_word' id='word_1_127' title='bbox 439 2345 814 2411; x_wconf 87' lang='lat' dir='ltr'><strong>immediate</strong></span> <span class='ocrx_word' id='word_1_128' title='bbox 868 2348 1396 2429; x_wconf 87' lang='lat' dir='ltr'><strong>mensurandum,</strong></span> <span class='ocrx_word' id='word_1_129' title='bbox 1460 2366 1630 2427; x_wconf 86' lang='lat' dir='ltr'><strong>quae</strong></span> <span class='ocrx_word' id='word_1_130' title='bbox 1692 2346 1824 2429; x_wconf 90' lang='lat' dir='ltr'><strong>ipsi</strong></span> <span class='ocrx_word' id='word_1_131' title='bbox 1886 2344 2071 2411; x_wconf 85' lang='lat' dir='ltr'><strong>cives</strong></span> <span class='ocrx_word' id='word_1_132' title='bbox 2130 2349 2248 2410; x_wconf 88' lang='lat' dir='ltr'><strong>aut</strong></span> <span class='ocrx_word' id='word_1_133' title='bbox 2306 2344 2483 2408; x_wconf 85' lang='lat' dir='ltr'><strong>alter</strong></span> <span class='ocrx_word' id='word_1_134' title='bbox 2540 2339 2830 2423; x_wconf 88' lang='lat' dir='ltr'><strong>ipsorum</strong></span> 
     </span>
     <span class='ocr_line' id='line_1_20' title="bbox 432 2443 2832 2535; baseline -0.002 -20"><span class='ocrx_word' id='word_1_135' title='bbox 432 2451 568 2535; x_wconf 87' lang='lat' dir='ltr'><strong>jam</strong></span> <span class='ocrx_word' id='word_1_136' title='bbox 604 2448 786 2532; x_wconf 86' lang='lat' dir='ltr'><strong>justo</strong></span> <span class='ocrx_word' id='word_1_137' title='bbox 834 2448 1180 2533; x_wconf 91' lang='lat' dir='ltr'><strong>possident</strong></span> <span class='ocrx_word' id='word_1_138' title='bbox 1225 2450 1422 2518; x_wconf 91' lang='lat' dir='ltr'><strong>titulo</strong></span> <span class='ocrx_word' id='word_1_139' title='bbox 1469 2456 1586 2518; x_wconf 88' lang='lat' dir='ltr'><strong>aut</strong></span> <span class='ocrx_word' id='word_1_140' title='bbox 1631 2451 1700 2518; x_wconf 90' lang='lat' dir='ltr'><strong>in</strong></span> <span class='ocrx_word' id='word_1_141' title='bbox 1744 2450 2037 2519; x_wconf 86' lang='lat' dir='ltr'><strong>futurum</strong></span> <span class='ocrx_word' id='word_1_142' title='bbox 2082 2448 2265 2531; x_wconf 91' lang='lat' dir='ltr'><strong>ipsos</strong></span> <span class='ocrx_word' id='word_1_143' title='bbox 2319 2450 2437 2513; x_wconf 87' lang='lat' dir='ltr'><strong>aut</strong></span> <span class='ocrx_word' id='word_1_144' title='bbox 2470 2443 2832 2528; x_wconf 90' lang='lat' dir='ltr'><strong>quemlibet</strong></span> 
     </span>
     <span class='ocr_line' id='line_1_21' title="bbox 437 2549 2821 2640; baseline -0.002 -18"><span class='ocrx_word' id='word_1_145' title='bbox 437 2549 730 2636; x_wconf 87' lang='lat' dir='ltr'><strong>ipsorum</strong></span> <span class='ocrx_word' id='word_1_146' title='bbox 775 2554 1070 2638; x_wconf 87' lang='lat' dir='ltr'><strong>legitime</strong></span> <span class='ocrx_word' id='word_1_147' title='bbox 1116 2557 1460 2638; x_wconf 89' lang='lat' dir='ltr'><strong>possidere</strong></span> <span class='ocrx_word' id='word_1_148' title='bbox 1498 2557 1878 2640; x_wconf 90' lang='lat' dir='ltr'><strong>contigerit,</strong></span> <span class='ocrx_word' id='word_1_149' title='bbox 1904 2558 2054 2640; x_wconf 90' lang='lat' dir='ltr'><strong>jure</strong></span> <span class='ocrx_word' id='word_1_150' title='bbox 2086 2551 2529 2621; x_wconf 90' lang='lat' dir='ltr'><strong>successionis</strong></span> <span class='ocrx_word' id='word_1_151' title='bbox 2562 2551 2821 2617; x_wconf 88' lang='lat' dir='ltr'><strong>heredi-</strong></span> 
     </span>
     <span class='ocr_line' id='line_1_22' title="bbox 439 2655 2835 2741; baseline -0.002 -17"><span class='ocrx_word' id='word_1_152' title='bbox 439 2659 614 2724; x_wconf 87' lang='lat' dir='ltr'><strong>tarie</strong></span> <span class='ocrx_word' id='word_1_153' title='bbox 659 2659 758 2724; x_wconf 91' lang='lat' dir='ltr'><strong>eis</strong></span> <span class='ocrx_word' id='word_1_154' title='bbox 803 2659 1297 2741; x_wconf 88' lang='lat' dir='ltr'><strong>approprianda</strong></span> <span class='ocrx_word' id='word_1_155' title='bbox 1345 2661 1646 2727; x_wconf 78' lang='lat' dir='ltr'><strong>duximus</strong></span> <span class='ocrx_word' id='word_1_156' title='bbox 1692 2667 1763 2726; x_wconf 90' lang='lat' dir='ltr'><strong>et</strong></span> <span class='ocrx_word' id='word_1_157' title='bbox 1809 2660 2310 2741; x_wconf 87' lang='lat' dir='ltr'><strong>incorporanda,</strong></span> <span class='ocrx_word' id='word_1_158' title='bbox 2350 2676 2469 2740; x_wconf 88' lang='lat' dir='ltr'><strong>per</strong></span> <span class='ocrx_word' id='word_1_159' title='bbox 2500 2655 2681 2737; x_wconf 90' lang='lat' dir='ltr'><strong>ipsos</strong></span> <span class='ocrx_word' id='word_1_160' title='bbox 2715 2661 2835 2722; x_wconf 88' lang='lat' dir='ltr'><strong>aut</strong></span> 
     </span>
     <span class='ocr_line' id='line_1_23' title="bbox 441 2761 2831 2848; baseline -0.001 -19"><span class='ocrx_word' id='word_1_161' title='bbox 441 2762 723 2829; x_wconf 87' lang='lat' dir='ltr'><strong>alterum</strong></span> <span class='ocrx_word' id='word_1_162' title='bbox 770 2762 1061 2844; x_wconf 86' lang='lat' dir='ltr'><strong>ipsorum</strong></span> <span class='ocrx_word' id='word_1_163' title='bbox 1106 2764 1282 2830; x_wconf 90' lang='lat' dir='ltr'><strong>iusto</strong></span> <span class='ocrx_word' id='word_1_164' title='bbox 1328 2766 1526 2831; x_wconf 91' lang='lat' dir='ltr'><strong>titulo</strong></span> <span class='ocrx_word' id='word_1_165' title='bbox 1572 2770 1897 2848; x_wconf 90' lang='lat' dir='ltr'><strong>perpetuo</strong></span> <span class='ocrx_word' id='word_1_166' title='bbox 1933 2763 2351 2846; x_wconf 87' lang='lat' dir='ltr'><strong>possidenda.</strong></span> <span class='ocrx_word' id='word_1_167' title='bbox 2390 2761 2537 2827; x_wconf 90' lang='lat' dir='ltr'><strong>Hoc</strong></span> <span class='ocrx_word' id='word_1_168' title='bbox 2568 2763 2831 2828; x_wconf 87' lang='lat' dir='ltr'><strong>adiecto</strong></span> 
     </span>
     <span class='ocr_line' id='line_1_24' title="bbox 441 2865 2833 2954; baseline -0 -22"><span class='ocrx_word' id='word_1_169' title='bbox 441 2871 523 2933; x_wconf 93' lang='lat' dir='ltr'><strong>de</strong></span> <span class='ocrx_word' id='word_1_170' title='bbox 569 2873 841 2934; x_wconf 85' lang='lat' dir='ltr'><strong>nostrae</strong></span> <span class='ocrx_word' id='word_1_171' title='bbox 887 2867 1122 2950; x_wconf 87' lang='lat' dir='ltr'><strong>regiae</strong></span> <span class='ocrx_word' id='word_1_172' title='bbox 1167 2868 1628 2936; x_wconf 86' lang='lat' dir='ltr'><strong>munificencia</strong></span> <span class='ocrx_word' id='word_1_173' title='bbox 1685 2869 1949 2954; x_wconf 87' lang='lat' dir='ltr'><strong>gratiae</strong></span> <span class='ocrx_word' id='word_1_174' title='bbox 2008 2866 2409 2948; x_wconf 75' lang='lat' dir='ltr'><strong>fulcimento,</strong></span> <span class='ocrx_word' id='word_1_175' title='bbox 2472 2867 2644 2946; x_wconf 88' lang='lat' dir='ltr'><strong>quod</strong></span> <span class='ocrx_word' id='word_1_176' title='bbox 2703 2865 2833 2948; x_wconf 90' lang='lat' dir='ltr'><strong>ipsi</strong></span> 
     </span>
     <span class='ocr_line' id='line_1_25' title="bbox 441 2969 2833 3054; baseline -0 -15"><span class='ocrx_word' id='word_1_177' title='bbox 441 2972 623 3039; x_wconf 91' lang='lat' dir='ltr'><strong>cives</strong></span> <span class='ocrx_word' id='word_1_178' title='bbox 670 2974 790 3037; x_wconf 90' lang='lat' dir='ltr'><strong>aut</strong></span> <span class='ocrx_word' id='word_1_179' title='bbox 834 2971 1010 3038; x_wconf 90' lang='lat' dir='ltr'><strong>alter</strong></span> <span class='ocrx_word' id='word_1_180' title='bbox 1053 2973 1363 3054; x_wconf 88' lang='lat' dir='ltr'><strong>ipsorum,</strong></span> <span class='ocrx_word' id='word_1_181' title='bbox 1411 2975 1675 3054; x_wconf 87' lang='lat' dir='ltr'><strong>quando</strong></span> <span class='ocrx_word' id='word_1_182' title='bbox 1716 2979 1786 3039; x_wconf 87' lang='lat' dir='ltr'><strong>et</strong></span> <span class='ocrx_word' id='word_1_183' title='bbox 1816 2971 2133 3053; x_wconf 89' lang='lat' dir='ltr'><strong>quociens</strong></span> <span class='ocrx_word' id='word_1_184' title='bbox 2167 2969 2347 3036; x_wconf 88' lang='lat' dir='ltr'><strong>dicta</strong></span> <span class='ocrx_word' id='word_1_185' title='bbox 2380 2969 2625 3036; x_wconf 87' lang='lat' dir='ltr'><strong>allodia</strong></span> <span class='ocrx_word' id='word_1_186' title='bbox 2654 2970 2833 3038; x_wconf 85' lang='lat' dir='ltr'><strong>infra</strong></span> 
     </span>
     <span class='ocr_line' id='line_1_26' title="bbox 440 3067 2835 3157; baseline -0 -15"><span class='ocrx_word' id='word_1_187' title='bbox 440 3081 653 3142; x_wconf 88' lang='lat' dir='ltr'><strong>metas</strong></span> <span class='ocrx_word' id='word_1_188' title='bbox 722 3075 1106 3157; x_wconf 90' lang='lat' dir='ltr'><strong>praedictas</strong></span> <span class='ocrx_word' id='word_1_189' title='bbox 1173 3067 1307 3142; x_wconf 84' lang='lat' dir='ltr'><strong>sita</strong></span> <span class='ocrx_word' id='word_1_190' title='bbox 1374 3077 1553 3144; x_wconf 88' lang='lat' dir='ltr'><strong>inter</strong></span> <span class='ocrx_word' id='word_1_191' title='bbox 1619 3095 1693 3144; x_wconf 82' lang='lat' dir='ltr'><strong>se</strong></span> <span class='ocrx_word' id='word_1_192' title='bbox 1770 3082 1994 3142; x_wconf 85' lang='lat' dir='ltr'><strong>mutuo</strong></span> <span class='ocrx_word' id='word_1_193' title='bbox 2064 3076 2348 3143; x_wconf 89' lang='lat' dir='ltr'><strong>emerint</strong></span> <span class='ocrx_word' id='word_1_194' title='bbox 2420 3076 2531 3142; x_wconf 84' lang='lat' dir='ltr'><strong>vel</strong></span> <span class='ocrx_word' id='word_1_195' title='bbox 2605 3075 2835 3144; x_wconf 87' lang='lat' dir='ltr'><strong>vendi-</strong></span> 
     </span>
     <span class='ocr_line' id='line_1_27' title="bbox 443 3179 2835 3266; baseline -0.001 -20"><span class='ocrx_word' id='word_1_196' title='bbox 443 3180 684 3263; x_wconf 89' lang='lat' dir='ltr'><strong>derint,</strong></span> <span class='ocrx_word' id='word_1_197' title='bbox 729 3179 1114 3247; x_wconf 87' lang='lat' dir='ltr'><strong>venditores</strong></span> <span class='ocrx_word' id='word_1_198' title='bbox 1169 3181 1535 3266; x_wconf 88' lang='lat' dir='ltr'><strong>resignare,</strong></span> <span class='ocrx_word' id='word_1_199' title='bbox 1601 3187 1933 3265; x_wconf 88' lang='lat' dir='ltr'><strong>emptores</strong></span> <span class='ocrx_word' id='word_1_200' title='bbox 1994 3199 2153 3250; x_wconf 82' lang='lat' dir='ltr'><strong>vero</strong></span> <span class='ocrx_word' id='word_1_201' title='bbox 2215 3179 2441 3247; x_wconf 88' lang='lat' dir='ltr'><strong>debito</strong></span> <span class='ocrx_word' id='word_1_202' title='bbox 2499 3181 2689 3245; x_wconf 90' lang='lat' dir='ltr'><strong>modo</strong></span> <span class='ocrx_word' id='word_1_203' title='bbox 2756 3197 2835 3244; x_wconf 86' lang='lat' dir='ltr'><strong>ea</strong></span> 
     </span>
     <span class='ocr_line' id='line_1_28' title="bbox 442 3283 2837 3370; baseline -0.001 -20"><span class='ocrx_word' id='word_1_204' title='bbox 442 3284 746 3365; x_wconf 90' lang='lat' dir='ltr'><strong>recipere</strong></span> <span class='ocrx_word' id='word_1_205' title='bbox 793 3288 863 3350; x_wconf 92' lang='lat' dir='ltr'><strong>et</strong></span> <span class='ocrx_word' id='word_1_206' title='bbox 921 3303 1042 3366; x_wconf 89' lang='lat' dir='ltr'><strong>per</strong></span> <span class='ocrx_word' id='word_1_207' title='bbox 1101 3304 1362 3352; x_wconf 87' lang='lat' dir='ltr'><strong>manum</strong></span> <span class='ocrx_word' id='word_1_208' title='bbox 1413 3285 1665 3370; x_wconf 89' lang='lat' dir='ltr'><strong>judicis</strong></span> <span class='ocrx_word' id='word_1_209' title='bbox 1726 3285 2021 3352; x_wconf 86' lang='lat' dir='ltr'><strong>civitatis</strong></span> <span class='ocrx_word' id='word_1_210' title='bbox 2084 3283 2584 3351; x_wconf 90' lang='lat' dir='ltr'><strong>Budissinensis</strong></span> <span class='ocrx_word' id='word_1_211' title='bbox 2645 3283 2837 3348; x_wconf 89' lang='lat' dir='ltr'><strong>here-</strong></span> 
     </span>
     <span class='ocr_line' id='line_1_29' title="bbox 445 3388 2833 3473; baseline -0.001 -19"><span class='ocrx_word' id='word_1_212' title='bbox 445 3388 693 3472; x_wconf 87' lang='lat' dir='ltr'><strong>ditarii,</strong></span> <span class='ocrx_word' id='word_1_213' title='bbox 757 3389 869 3469; x_wconf 93' lang='lat' dir='ltr'><strong>qui</strong></span> <span class='ocrx_word' id='word_1_214' title='bbox 927 3408 1046 3470; x_wconf 92' lang='lat' dir='ltr'><strong>pro</strong></span> <span class='ocrx_word' id='word_1_215' title='bbox 1106 3394 1403 3472; x_wconf 90' lang='lat' dir='ltr'><strong>tempore</strong></span> <span class='ocrx_word' id='word_1_216' title='bbox 1464 3390 1685 3473; x_wconf 86' lang='lat' dir='ltr'><strong>fuerit,</strong></span> <span class='ocrx_word' id='word_1_217' title='bbox 1745 3389 2053 3458; x_wconf 81' lang='lat' dir='ltr'><strong>investiri</strong></span> <span class='ocrx_word' id='word_1_218' title='bbox 2101 3391 2185 3454; x_wconf 87' lang='lat' dir='ltr'><strong>ad</strong></span> <span class='ocrx_word' id='word_1_219' title='bbox 2235 3389 2467 3455; x_wconf 88' lang='lat' dir='ltr'><strong>eadem</strong></span> <span class='ocrx_word' id='word_1_220' title='bbox 2512 3391 2833 3470; x_wconf 87' lang='lat' dir='ltr'><strong>perpetuo</strong></span> 
     </span>
     <span class='ocr_line' id='line_1_30' title="bbox 447 3493 866 3562; baseline -0.002 -3"><span class='ocrx_word' id='word_1_221' title='bbox 447 3493 866 3562; x_wconf 86' lang='lat' dir='ltr'><strong>tenebuntur.</strong></span> 
     </span>
    </p>
   </div>
   <div class='ocr_carea' id='block_1_4' title="bbox 447 3612 2833 3803">
    <p class='ocr_par' dir='ltr' id='par_1_4' title="bbox 447 3612 2833 3803">
     <span class='ocr_line' id='line_1_31' title="bbox 653 3612 2833 3698; baseline 0 -18"><span class='ocrx_word' id='word_1_222' title='bbox 653 3613 734 3680; x_wconf 92' lang='lat' dir='ltr'><strong>In</strong></span> <span class='ocrx_word' id='word_1_223' title='bbox 767 3615 954 3698; x_wconf 85' lang='lat' dir='ltr'><strong>qu‘us</strong></span> <span class='ocrx_word' id='word_1_224' title='bbox 986 3615 1086 3680; x_wconf 92' lang='lat' dir='ltr'><strong>rei</strong></span> <span class='ocrx_word' id='word_1_225' title='bbox 1119 3615 1568 3682; x_wconf 87' lang='lat' dir='ltr'><strong>testimonium</strong></span> <span class='ocrx_word' id='word_1_226' title='bbox 1600 3621 1991 3698; x_wconf 89' lang='lat' dir='ltr'><strong>praesentes</strong></span> <span class='ocrx_word' id='word_1_227' title='bbox 2023 3617 2261 3682; x_wconf 84' lang='lat' dir='ltr'><strong>literas</strong></span> <span class='ocrx_word' id='word_1_228' title='bbox 2306 3616 2452 3682; x_wconf 89' lang='lat' dir='ltr'><strong>fieri</strong></span> <span class='ocrx_word' id='word_1_229' title='bbox 2500 3619 2570 3682; x_wconf 91' lang='lat' dir='ltr'><strong>et</strong></span> <span class='ocrx_word' id='word_1_230' title='bbox 2613 3612 2833 3698; x_wconf 87' lang='lat' dir='ltr'><strong>sigillo</strong></span> 
     </span>
     <span class='ocr_line' id='line_1_32' title="bbox 447 3717 1939 3803; baseline 0.001 -20"><span class='ocrx_word' id='word_1_231' title='bbox 447 3717 820 3803; x_wconf 85' lang='lat' dir='ltr'><strong>majestatis</strong></span> <span class='ocrx_word' id='word_1_232' title='bbox 866 3724 1137 3785; x_wconf 86' lang='lat' dir='ltr'><strong>nostrae</strong></span> <span class='ocrx_word' id='word_1_233' title='bbox 1175 3719 1491 3803; x_wconf 88' lang='lat' dir='ltr'><strong>jussimus</strong></span> <span class='ocrx_word' id='word_1_234' title='bbox 1537 3720 1939 3787; x_wconf 90' lang='lat' dir='ltr'><strong>communiri.</strong></span> 
     </span>
    </p>
   </div>
   <div class='ocr_carea' id='block_1_5' title="bbox 444 3848 2835 4142">
    <p class='ocr_par' dir='ltr' id='par_1_5' title="bbox 444 3848 2835 4142">
     <span class='ocr_line' id='line_1_33' title="bbox 656 3848 2835 3934; baseline -0 -21"><span class='ocrx_word' id='word_1_235' title='bbox 656 3848 809 3915; x_wconf 88' lang='lat' dir='ltr'><strong>Dat.</strong></span> <span class='ocrx_word' id='word_1_236' title='bbox 857 3849 1121 3934; x_wconf 86' lang='lat' dir='ltr'><strong>Pragae</strong></span> <span class='ocrx_word' id='word_1_237' title='bbox 1168 3869 1289 3933; x_wconf 88' lang='lat' dir='ltr'><strong>per</strong></span> <span class='ocrx_word' id='word_1_238' title='bbox 1331 3869 1564 3917; x_wconf 83' lang='lat' dir='ltr'><strong>manus</strong></span> <span class='ocrx_word' id='word_1_239' title='bbox 1609 3869 1833 3917; x_wconf 88' lang='lat' dir='ltr'><strong>vener.</strong></span> <span class='ocrx_word' id='word_1_240' title='bbox 1878 3849 2835 3934; x_wconf 71' lang='lat' dir='ltr'><strong>Johann1s,Wissegradensis</strong></span> 
     </span>
     <span class='ocr_line' id='line_1_34' title="bbox 445 3951 2835 4039; baseline 0 -22"><span class='ocrx_word' id='word_1_241' title='bbox 445 3951 827 4036; x_wconf 87' lang='lat' dir='ltr'><strong>praepositi,</strong></span> <span class='ocrx_word' id='word_1_242' title='bbox 860 3955 1053 4038; x_wconf 88' lang='lat' dir='ltr'><strong>regni</strong></span> <span class='ocrx_word' id='word_1_243' title='bbox 1085 3955 1394 4023; x_wconf 87' lang='lat' dir='ltr'><strong>Boemiae</strong></span> <span class='ocrx_word' id='word_1_244' title='bbox 1426 3956 1828 4039; x_wconf 88' lang='lat' dir='ltr'><strong>cancellarii,</strong></span> <span class='ocrx_word' id='word_1_245' title='bbox 1862 3955 2184 4039; x_wconf 89' lang='lat' dir='ltr'><strong>principis</strong></span> <span class='ocrx_word' id='word_1_246' title='bbox 2218 3955 2435 4021; x_wconf 89' lang='lat' dir='ltr'><strong>nostri</strong></span> <span class='ocrx_word' id='word_1_247' title='bbox 2464 3953 2713 4036; x_wconf 86' lang='lat' dir='ltr'><strong>dilecti,</strong></span> <span class='ocrx_word' id='word_1_248' title='bbox 2745 3953 2835 4018; x_wconf 90' lang='grc' dir='ltr'><strong>Π.</strong></span> 
     </span>
     <span class='ocr_line' id='line_1_35' title="bbox 444 4055 2593 4142; baseline 0 -20"><span class='ocrx_word' id='word_1_249' title='bbox 444 4056 590 4123; x_wconf 88' lang='lat' dir='ltr'><strong>Kal.</strong></span> <span class='ocrx_word' id='word_1_250' title='bbox 637 4055 820 4140; x_wconf 90' lang='lat' dir='ltr'><strong>Sept.</strong></span> <span class='ocrx_word' id='word_1_251' title='bbox 866 4077 921 4125; x_wconf 87' lang='lat' dir='ltr'><strong>a.</strong></span> <span class='ocrx_word' id='word_1_252' title='bbox 968 4059 1028 4126; x_wconf 93' lang='lat' dir='ltr'><strong>d.</strong></span> <span class='ocrx_word' id='word_1_253' title='bbox 1081 4065 1262 4140; x_wconf 77' lang='lat'><strong>1319,</strong></span> <span class='ocrx_word' id='word_1_254' title='bbox 1311 4078 1662 4142; x_wconf 90' lang='lat' dir='ltr'><strong>regnorum</strong></span> <span class='ocrx_word' id='word_1_255' title='bbox 1707 4077 1868 4128; x_wconf 89' lang='lat' dir='ltr'><strong>vero</strong></span> <span class='ocrx_word' id='word_1_256' title='bbox 1915 4063 2292 4126; x_wconf 89' lang='lat' dir='ltr'><strong>nostrorum</strong></span> <span class='ocrx_word' id='word_1_257' title='bbox 2338 4078 2395 4126; x_wconf 87' lang='lat' dir='ltr'><strong>a.</strong></span> <span class='ocrx_word' id='word_1_258' title='bbox 2442 4057 2593 4122; x_wconf 78' lang='lat' dir='ltr'><strong>IX0.</strong></span> 
     </span>
    </p>
   </div>
   <div class='ocr_carea' id='block_1_6' title="bbox 451 4195 2839 4369">
    <p class='ocr_par' dir='ltr' id='par_1_6' title="bbox 451 4195 2839 4369">
     <span class='ocr_line' id='line_1_36' title="bbox 657 4195 2839 4284; baseline -0 -24"><span class='ocrx_word' id='word_1_259' title='bbox 657 4195 880 4284; x_wconf 76' lang='lat' dir='ltr'><strong>(Arch.</strong></span> <span class='ocrx_word' id='word_1_260' title='bbox 947 4195 1014 4263; x_wconf 78' lang='lat' dir='ltr'><strong>S.</strong></span> <span class='ocrx_word' id='word_1_261' title='bbox 1093 4196 1293 4264; x_wconf 81' lang='lat' dir='ltr'><strong>Wenc.</strong></span> <span class='ocrx_word' id='word_1_262' title='bbox 1361 4234 1438 4246; x_wconf 91' lang='lat'>-</span> <span class='ocrx_word' id='word_1_263' title='bbox 1500 4197 1739 4262; x_wconf 78' lang='lat' dir='ltr'><strong>Kb‘hler</strong></span> <span class='ocrx_word' id='word_1_264' title='bbox 1806 4197 2217 4262; x_wconf 76' lang='lat' dir='ltr'><strong>Oberlausitz</strong></span> <span class='ocrx_word' id='word_1_265' title='bbox 2284 4195 2336 4262; x_wconf 91' lang='lat' dir='ltr'><strong>I.</strong></span> <span class='ocrx_word' id='word_1_266' title='bbox 2398 4220 2469 4282; x_wconf 83' lang='lat' dir='ltr'><strong>p.</strong></span> <span class='ocrx_word' id='word_1_267' title='bbox 2537 4197 2685 4266; x_wconf 82' lang='lat'><strong><em>164.</em></strong></span> <span class='ocrx_word' id='word_1_268' title='bbox 2751 4233 2839 4245; x_wconf 92' lang='lat'><strong>-—</strong></span> 
     </span>
     <span class='ocr_line' id='line_1_37' title="bbox 451 4299 971 4369; baseline 0.004 -4"><span class='ocrx_word' id='word_1_269' title='bbox 451 4299 614 4368; x_wconf 73' lang='lat' dir='ltr'><strong>Eme.</strong></span> <span class='ocrx_word' id='word_1_270' title='bbox 661 4301 783 4369; x_wconf 91' lang='lat' dir='ltr'><strong><em>III.</em></strong></span> <span class='ocrx_word' id='word_1_271' title='bbox 824 4303 971 4367; x_wconf 86' lang='lat'><em>519.</em></span> 
     </span>
    </p>
   </div>
   <div class='ocr_carea' id='block_1_7' title="bbox 3279 3513 3288 4939">
    <p class='ocr_par' dir='ltr' id='par_1_7' title="bbox 3279 3513 3288 4939">
     <span class='ocr_line' id='line_1_38' title="bbox 3279 3513 3288 4939; baseline 0 0"><span class='ocrx_word' id='word_1_272' title='bbox 3279 3513 3288 4939; x_wconf 95' lang='lat' dir='ltr'><strong> </strong></span> 
     </span>
    </p>
   </div>
  </div>
 </body>
</html>
