3288 4973
389 608 538 659 1:364.

1394 406 1787 467 —604-

593 606 862 661 Proceres
911 609 974 662 B.
1026 623 1314 665 assensum
1367 623 1530 674 prae·

591 693 728 749 bent
782 696 962 749 eidem
1021 696 1396 751 conventioni.
1458 724 1528 737 —-

595 780 961 835 wenceslaus
999 797 1114 846 rex,
1147 785 1374 851 elector,
1403 798 1529 835 con-

593 869 772 923 sentit
810 869 990 923 eidem
1025 869 1234 923 unioni.

593 952 996 1009 Promissiones
1034 960 1224 1009 terrae
1260 955 1528 1009 Austriae

591 1039 801 1095 factae.
828 1072 898 1081 --
915 1042 1319 1095 Promissiones
1339 1046 1529 1095 terrae

597 1126 860 1181 Boemiae
903 1127 1113 1182 factae.

491 1213 539 1263 Γ.
593 1210 858 1281 Episcopi
904 1212 1297 1269 Olomucenses
1337 1245 1404 1253 —
1441 1231 1528 1268 co-

593 1299 759 1353 mites
813 1301 1065 1367 capellae
1123 1302 1335 1370 regalis
1389 1300 1530 1355 Boe·

595 1386 757 1439 miae.

595 1472 896 1527 Promissio
942 1474 1009 1527 de
1064 1476 1281 1528 ‚Ioanne
1317 1472 1526 1527 march.

594 1565 792 1613 contra
818 1560 1172 1613 adversarios
1194 1558 1527 1627 adjuvando.

596 1644 1015 1713 Archiepiscopi
1086 1647 1407 1715 Pragenses
1461 1674 1532 1683 --

593 1731 775 1799 legati
831 1732 980 1785 sedis
1033 1740 1211 1799 apost.
1261 1748 1361 1798 per
1412 1732 1528 1785 dio-

591 1817 744 1869 cesin
784 1818 969 1887 Prag.‚
1007 1818 1316 1886 Ratisbon.‚
1363 1818 1527 1871 Bam·
1572 1842 1574 1845 >

591 1902 748 1971 berg.
777 1912 836 1957 et
864 1906 1215 1959 Misnensem.

510 1994 537 2039 ”.
593 1988 736 2043 Unio
783 1990 1133 2045 hereditaria
1179 1991 1330 2045 inter
1386 1994 1525 2044 Boe-

590 2076 759 2129 miam
797 2085 856 2129 et
897 2078 1180 2132 Austriam
1235 2085 1524 2132 renovata.

591 2163 836 2217 Joannes
873 2166 1120 2217 marchio
1159 2166 1441 2231 promittit
1465 2180 1525 2217 se

591 2251 800 2303 nullum
873 2253 1037 2320 reg-ni
1110 2253 1172 2304 B.
1243 2252 1528 2307 subditum

593 2342 790 2389 contra
839 2338 991 2406 regis
1043 2340 1395 2392 voluntatem
1433 2338 1525 2391 de-

591 2422 894 2477 fensurum.

591 2527 738 2581 Unio
785 2529 1134 2582 hereditaria
1182 2531 1332 2583 inter
1385 2529 1526 2582 Boe-

593 2614 760 2668 miam
843 2622 902 2668 et
985 2616 1273 2670 Austriam
1345 2616 1523 2670 denuo

594 2711 884 2754 renovata.

593 2803 924 2858 Enuntiatio
963 2808 1148 2860 Caroli
1185 2807 1322 2872 Imp.
1360 2820 1526 2872 super

591 2891 865 2955 positione
909 2893 1352 2962 margraviorum
1389 2892 1526 2945 Mor.

525 3035 534 3044 .
591 2993 924 3048 Enuntiatio
953 2996 1138 3049 Caroli
1162 3011 1329 3062 super
1349 2996 1523 3050 berna

591 3095 689 3144 per
725 3081 1008 3140 Boemiam
1047 3090 1295 3148 recepta.

526 3185 902 3250 .Acquisitio
995 3194 1054 3238 et
1144 3187 1520 3252 incorporatio

589 3275 797 3326 march.
835 3275 1124 3327 Lusatiae.

528 3417 537 3426 .
589 3375 856 3429 Definitio
895 3378 1256 3432 terminorum
1281 3379 1340 3431 in
1365 3379 1522 3432 Silva

589 3463 870 3516 Boemiae.

589 3568 822 3620 Joannis
861 3569 1194 3621 marchionis
1231 3563 1520 3634 promissio

591 3653 658 3706 de
695 3655 986 3708 servandis
1023 3653 1356 3723 privilegiis,
1389 3655 1520 3708 siin

588 3755 780 3809 regem
817 3741 880 3794 B.
920 3750 1353 3806 promoveretur.

487 3859 532 3894 ·.
589 3842 904 3897 Ludovicus
936 3860 1036 3898 rex
1073 3845 1218 3914 Ung.
1245 3859 1356 3898 una
1395 3860 1520 3898 cum

590 3929 826 3998 conjuge
863 3946 966 3984 sua
991 3931 1324 3984 renuntiant
1349 3932 1518 3985 omni-

589 4014 690 4068 bus
751 4015 970 4083 ,iuribus
1043 4018 1157 4070 suis
1231 4017 1290 4070 in
1349 4017 1519 4070 terris

590 4116 824 4154 coronae
863 4103 924 4155 B.

587 4203 818 4258 Uuionis
835 4205 1120 4259 marchiae
1133 4207 1520 4278 Brandeburg.

590 4295 648 4343 et
675 4291 859 4344 Lusic.
887 4307 1008 4345 cum
1035 4307 1208 4361 regno
1235 4295 1298 4346 B.
1325 4293 1520 4348 confir-

591 4378 762 4430 matio
802 4379 930 4444 imp.

1639 610 1791 663 1373.

1636 1532 1788 1585 1307.

1634 1708 1791 1758 -08.

1631 1966 1786 2017 —09.

1629 2484 1785 2536 -23.

1631 2571 1785 2622 -24.

1629 2745 1785 2796 —-30.

1629 2830 1785 2880 -32.

1629 2918 1783 2968 -36.

1626 3538 1780 3589 -41.

1624 4297 1781 4348 -53.

1848 608 2149 663 Investitio
2200 607 2437 663 filiorum
2486 607 2677 661 Caroli
2713 606 2785 661 de

1844 694 2096 749 marchia
2132 694 2643 764 Brandeburgensi.

1778 826 1789 837 .
1844 782 2080 839 Unionis
2114 783 2401 836 marchiae
2427 781 2635 835 Brand.
2660 794 2789 835 cum

1846 885 2051 925 corona
2106 870 2270 938 regni
2322 869 2385 923 B.
2434 866 2786 921 confirmatio

1848 972 1977 1023 unp.

1780 1088 1790 1098 .
1845 1044 2106 1099 Litterae
2180 1058 2347 1109 super
2424 1040 2787 1094 devolutione

1842 1132 2082 1185 ducatus
2118 1126 2641 1197 Lucemburgensis.

1842 1218 1928 1272 De
1966 1224 2191 1271 moneta
2228 1215 2525 1269 ordinatio.

1871 1388 2238 1461 Austriae
2282 1388 2536 1459 duces.

1844 1530 2103 1583 Litterae
2162 1527 2431 1581 nobilium
2490 1524 2785 1580 Moraviae

1848 1616 1978 1671 duci
2012 1616 2077 1668 A.
2114 1614 2335 1669 missae.

1846 1704 1975 1757 Dux
2013 1703 2077 1754 A.
2110 1700 2403 1755 renuntiat
2428 1698 2692 1751 Boemiae
2721 1702 2789 1751 et

1844 1788 2133 1843 Moraviae
2179 1788 2239 1841 in
2273 1787 2523 1840 favorem
2550 1784 2787 1839 Henrici

1846 1876 2000 1945 regis
2040 1874 2228 1928 electi.

1842 1964 2027 2018 Duces
2080 1962 2141 2015 Α.
2184 1961 2428 2015 Henrico
2478 1958 2607 2011 VII.
2653 1956 2785 2026 regi

1841 2048 2179 2115 promittunt
2198 2047 2467 2101 auxilium
2486 2046 2545 2097 in
2558 2043 2785 2110 acquir·

1840 2136 2013 2189 rendo
2051 2150 2224 2204 regno
2265 2136 2329 2187 B.

1777 2264 1786 2275 .
1842 2222 2109 2276 Austriae
2136 2223 2247 2276 dux
2274 2218 2586 2274 Moraviam
2613 2218 2783 2271 resti-

1842 2310 1957 2363 tuit
1975 2310 2013 2363 J
2014 2310 2181 2363 oanni
2206 2306 2347 2375 regi,
2375 2306 2469 2372 qui
2492 2308 2783 2357 tractatus

1843 2412 1877 2449 a
1915 2410 2051 2463 rege
2090 2394 2243 2447 Rom.
2282 2390 2657 2446 confirmatur.

1844 2483 1978 2536 Cum
2018 2480 2250 2535 ducibus
2284 2480 2348 2532 A.
2386 2494 2499 2544 pax
2537 2482 2597 2530 et
2628 2477 2781 2532 unio.

1840 2569 1967 2623 Juri
2015 2566 2383 2622 successionis
2438 2565 2495 2617 in
2544 2563 2783 2617 Boemia

1841 2670 1939 2720 per
1979 2655 2174 2708 ducem
2211 2655 2275 2706 A.
2314 2650 2678 2706 renuntiatio.

1841 2741 2057 2794 Foedus
2096 2742 2159 2793 B.
2198 2755 2321 2792 cum
2354 2737 2585 2790 ducibus
2622 2737 2687 2790 A.

1838 2827 2108 2880 Amicitia
2147 2815 2268 2880 cuin
2306 2826 2539 2881 ducibus
2576 2826 2642 2879 A.

1840 2913 1983 2968 Unio
2046 2913 2333 2982 Ungariae
2398 2920 2457 2966 et
2512 2914 2782 2968 Boemiae

1839 3015 2051 3068 regum,
2091 3000 2357 3053 Austriae
2400 2999 2615 3067 ducum,
2668 3001 2775 3054 Ca—

1839 3085 1941 3139 roli
2014 3086 2352 3138 marchionis
2420 3093 2480 3139 et
2538 3086 2777 3140 Joannis

1837 3173 2073 3226 comitis.
2126 3203 2194 3210 ——
2239 3173 2488 3227 Joannes
2537 3187 2637 3226 rex
2688 3188 2777 3226 re-

1836 3259 2067 3313 nuntiat
2145 3260 2288 3312 omni
2354 3259 2471 3326 juri
2544 3275 2641 3314 suo
2715 3260 2779 3314 in

1836 3346 2111 3409 Cariatis„
2144 3345 2406 3398 (farniola
2433 3352 2492 3399 et
2518 3345 2777 3400 Marchia

1836 3433 1893 3485 in
1936 3432 2191 3484 favorem
2238 3432 2439 3485 ducum
2488 3432 2776 3485 Austriae.

1836 3535 2096 3588 Litterae
2148 3549 2314 3600 super
2353 3536 2777 3590 renuntiatione

1835 3621 2195 3676 Kariathiae.

1834 3723 2084 3792 Pignora
2134 3723 2477 3778 Waidhofen
2524 3733 2584 3780 et.
2632 3725 2775 3780 Laa.

1834 3828 2053 3882 Foedus
2114 3843 2237 3882 cum
2298 3829 2497 3883 carolo
2572 3835 2777 3884 contra

1833 3915 2177 3968 Ludovicum
2214 3915 2342 3982 imp.
2369 3946 2437 3955 —-
2463 3915 2771 3970 Confoedc-

1834 4001 2083 4054 rationes
2123 4016 2243 4054 cum
2270 4002 2471 4056 Cal-olo
2492 4003 2701 4056 march.

1836 4105 2019 4158 Pacta
2069 4121 2194 4158 cum
2229 4105 2461 4159 ducibus
2500 4107 2775 4160 Austris·

1837 4191 2136 4245 servanda.

1838 4294 1980 4347 Unio
2008 4294 2194 4347 Caroli
2220 4294 2317 4350 IV.
2340 4301 2511 4362 atque
2536 4295 2575 4350 J
2577 4297 2777 4350 oannis

1838 4382 2045 4434 march.
2080 4396 2205 4434 cum
2230 4380 2463 4435 ducibus
2490 4383 2777 4437 Austriae.
