3288 4973
1468 373 1860 433 —428—

674 573 939 640 Takovya
976 573 1077 627 list
1114 573 1181 628 od
1218 574 1623 642 Znojemskych
1663 591 1697 627 v
1734 577 1826 628 taz
1865 573 2022 628 slova
2061 573 2078 626 i
2113 573 2280 626 161102
2317 572 2436 626 ieta
2473 571 2680 624 datum.

674 659 757 714 Od
793 661 1163 726 Jihlavskych
1204 677 1237 714 v
1273 665 1369 716 taz
1406 661 1561 716 slova
1597 679 1633 716 a
1669 661 1864 716 datum
1900 661 2067 714 1611οὶ
2105 659 2239 714 leta.

675 747 757 801 Od
796 747 1173 814 olomuckyeh
1206 750 1451 813 takovyz
1488 765 1535 802 a.
1560 749 1728 802 1011οἑ
1765 748 1884 801 leta
1919 748 2127 800 datum.

674 853 810 918 Nos
858 905 870 917 .
922 905 935 919 .
981 905 994 916 .
1034 854 1245 934 judex
1290 859 1360 918 et
1398 852 1611 934 jurati
1657 850 1936 936 Majoris
1985 851 2283 918 civitatis
2333 850 2717 933 Pragensis.

678 957 917 1023 Notum
954 957 1229 1022 facimus
1259 963 1374 1022 ten
1408 975 1623 1038 praes
1649 957 1848 1038 univ„
1871 958 2044 1036 quod
2073 955 2228 1035 quia
2250 955 2316 1019 in
2341 953 2558 1020 literis
2583 953 2870 1018 serenis-

466 1164 925 1246 gloriosissimi
972 1166 1045 1230 B.
1109 1165 1305 1248 regiS,
1365 1164 1614 1231 domini
1657 1163 1874 1229 nostri
1921 1161 2250 1247 generosi,
2299 1179 2466 1242 quas
2511 1161 2657 1242 ipse
2705 1179 2868 1226 sano

468 1268 859 1351 principum,
924 1271 1241 1334 baronum
1290 1273 1361 1333 et
1408 1286 1756 1350 procerum
1815 1285 2080 1332 suorum
2141 1269 2508 1332 accedente
2567 1263 2871 1352 consilio,

468 1373 684 1438 animo
717 1373 1105 1453 deliberate,
1144 1390 1273 1437 non
1308 1379 1427 1452 p'er
1457 1389 1768 1450 errorem,
1799 1373 1920 1436 sed
1953 1389 2034 1436 ex
2065 1379 2253 1435 certa
2285 1369 2588 1449 scientia,
2619 1368 2871 1434 illustri

468 1485 539 1542 et
584 1477 929 1559 magnifico
990 1477 1295 1558 principi.
1356 1477 1418 1542 d.
1462 1476 1758 1542 Johanni
1805 1474 2173 1541 marchioni
2221 1475 2324 1554 M„
2369 1490 2682 1554 germano
2729 1491 2870 1564 suo,

469 1599 671 1662 super
701 1580 1155 1647 infeudatione
1185 1579 1685 1646 marchionatus
1717 1579 1807 1644 M.
1826 1585 1894 1644 et
1928 1579 2071 1659 ejus
2105 1577 2532 1659 pertinentiis
2553 1594 2868 1658 erogasse

468 1686 900 1767 dignoscitur,
931 1687 1255 1764 quaedam
1286 1684 1599 1765 specialis
1634 1683 1930 1749 clausula
1955 1681 2294 1763 reperitur
2316 1697 2654 1761 expressa,
2679 1681 2870 1763 cnjus

468 1795 663 1855 tenor
696 1790 838 1855 sive
872 1807 1123 1855 summa
1169 1788 1476 1868 sequitur
1506 1789 1573 1855 in
1608 1789 1774 1854 haec
1805 1790 2043 1854 verba:
2093 1785 2228 1870 „Et
2261 1785 2562 1866 quamvis
2599 1785 2686 1852 de
2715 1785 2872 1868 jure

470 1892 797 1958 communi
821 1943 835 1958 .
859 1944 874 1959 .
900 1943 915 1958 .
939 1891 1427 1974 quomodolibet
1451 1892 1841 1958 removeri“.
1869 1889 2062 1976 (Vide
2077 1911 2136 1952 π.
2153 1889 2284 1951 296
2297 1897 2360 1950 et
2371 1889 2518 1954 297.
2539 1897 2666 1951 art.
2697 1886 2756 1946 V
2751 1885 2824 1948 Π
2823 1886 2872 1972 .)

678 2014 868 2098 (Litt.
914 2016 1091 2081 civit.
1134 2035 1412 2080 moram:
1474 2013 1613 2076 Nos
1664 2065 1678 2080 .
1729 2064 1743 2078 .
1795 2065 1810 2079 .
1857 2012 2076 2096 judex
2119 2017 2180 2074 et
2222 2062 2237 2078 .
2283 2061 2300 2079 .
2349 2062 2363 2076 .
2411 2009 2641 2096 juv-ati
2697 2009 2866 2070 cives

471 2119 758 2182 civitatis
804 2127 941 2198 etc„
987 2117 1157 2202 quod
1202 2119 1357 2200 quia
1404 2119 1473 2179 in
1521 2117 1732 2180 literis
1777 2113 2109 2200 magnifici
2153 2123 2216 2178 et
2259 2112 2629 2177 excellentis
2673 2113 2876 2196 prin—

471 2224 662 2306 cipis,
687 2222 749 2289 d.
772 2220 1071 2303 Joannis,
1102 2221 1498 2284 marchionis
1531 2220 1890 2292 Mor-aviae,
1923 2219 2176 2283 domini
2203 2219 2418 2282 nostri
2441 2217 2732 2302 qratiosi
2759 2266 2773 2280 .
2807 2267 2822 2281 .
2857 2267 2872 2283 .

469 2326 876 2391 serenissimo
922 2347 999 2389 ac
1044 2326 1473 2388 invictissimo
1531 2325 1837 2409 principi
1878 2335 1937 2386 et
1981 2321 2238 2386 domino
2286 2322 2351 2388 d.
2399 2319 2644 2386 Karolo
2689 2319 2767 2386 R.
2813 2321 2870 2386 I.

468 2455 527 2497 v.
572 2452 633 2497 α.
677 2439 738 2494 et
776 2427 1250 2515 qlorz'osissimo
1298 2428 1380 2498 B.
1427 2430 1587 2515 αφ’,
1631 2449 1831 2512 super
1873 2426 2302 2513 recoquitione
2331 2425 2540 2511 feudi
2591 2424 2874 2488 marchi-

471 2545 705 2597 onatvs
754 2534 1086 2595 Mor-aviae
1132 2532 1275 2619 etr.)

681 2656 1118 2721 Considerato
1188 2656 1609 2722 nihilominus
1671 2666 1740 2720 et
1802 2662 1996 2720 extra
2054 2653 2330 2718 formam
2393 2653 2866 2733 praecedentis

472 2760 743 2825 articuli
792 2758 1151 2843 diligenter
1204 2761 1530 2840 inspecto,
1592 2761 1766 2839 quod
1825 2759 1884 2825 si
1945 2769 2290 2824 consortes
2353 2756 2497 2823 sive
2547 2758 2866 2840 conjuges

475 2864 801 2947 praedicti
850 2864 1093 2929 domini
1142 2864 1357 2929 nostri
1402 2862 1837 2944 Imperatoris
1885 2870 1954 2927 et
2001 2862 2180 2945 regis
2233 2862 2321 2940 13„
2381 2879 2635 2927 necnon
2701 2880 2865 2925 mar-

473 2969 727 3034 chioms
802 2968 883 3035 M.
930 2986 1051 3033 seu
1119 2986 1345 3033 earnm
1414 2968 1714 3049 alteram,
1781 2968 1850 3032 in
1922 2974 2220 3047 tempore
2288 2966 2514 3031 obitus
2581 2954 2862 3031 alterius

473 3072 877 3138 dominorum
926 3072 1419 3152 praedictorum
1484 3078 1936 3153 praegnantes
1997 3090 2114 3136 seu
2177 3076 2657 3152 praegnantem
2723 3070 2862 3135 fore

473 3176 912 3259 contingeret,
961 3177 1136 3256 quod
1182 3184 1343 3241 tunc
1392 3176 1610 3257 proles
1660 3175 1826 3256 ipsa,
1873 3175 1929 3239 si
1978 3174 2344 3239 masculina
2402 3172 2625 3250 fuerit,
2691 3174 2864 3255 patri

473 3300 592 3347 suo
630 3280 825 3360 juxta
870 3278 1143 3344 formam
1193 3298 1576 3361 expressam
1626 3278 1693 3343 in
1743 3278 2176 3359 praecedenti
2217 3277 2499 3344 articulo
2531 3277 2676 3343 sine
2709 3297 2863 3357 qua-

470 3385 636 3451 libet
682 3382 1079 3449 difficultate
1127 3384 1478 3461 succedat3
1538 3382 1597 3447 si
1642 3399 1802 3447 vero
1849 3381 2113 3448 femella
2174 3380 2398 3461 fuerit,
2461 3384 2638 3461 quod
2702 3390 2862 3447 tunc

471 3488 907 3568 provideatur
954 3488 1183 3569 eidem,
1232 3486 1408 3551 sicut
1455 3486 1762 3568 superius
1809 3496 1914 3551 est
1959 3504 2370 3566 expressum.

683 3591 953 3673 AdJecit
999 3590 1197 3656 etiam
1246 3592 1305 3657 d.
1354 3592 1512 3673 Imp.
1561 3601 1632 3657 et
1680 3610 1795 3656 rex
1861 3592 1931 3656 Β.
1979 3589 2365 3671 praedictus
2426 3599 2498 3654 et
2557 3590 2865 3655 similiter

471 3704 669 3762 extra
711 3694 1061 3761 articulum
1109 3703 1492 3760 contentum
1530 3697 1598 3761 in
1631 3694 1880 3760 litteris
1927 3692 2404 3761 infeudationis
2453 3694 2863 3774 praedictae,

472 3803 557 3865 ad
604 3798 1111 3865 habundatioris
1166 3799 1473 3865 cautelae
1522 3798 1925 3880 praesidium
1986 3798 2117 3863 rite
2180 3797 2500 3875 decrevit,
2560 3801 2738 3877 quod
2799 3800 2864 3865 in

473 3902 881 3985 supradictis
952 3902 1457 3987 principatibus,
1531 3902 1661 3967 vid.
1723 3922 1928 3986 regno
1992 3904 2066 3968 B.
2126 3910 2195 3967 et
2255 3901 2716 3969 marchionatu
2779 3904 2860 3969 Μ.

473 4007 954 4089 primogenitus
1001 4007 1069 4071 in
1116 4024 1340 4087 regem
1406 4006 1548 4072 sive
1605 4008 2050 4072 marchionem
2115 4007 2362 4071 assumi
2421 4007 2685 4087 debeat,
2747 4017 2862 4073 aut

472 4130 549 4177 eo
598 4130 727 4177 non
775 4110 1129 4191 existente,
1172 4110 1754 4192 secundogenitus,
1795 4108 1906 4176 vel
1936 4110 2004 4174 in
2037 4108 2306 4175 defectu
2339 4110 2865 4195 secundogeniti‚

470 4216 530 4281 si
553 4214 843 4281 fortasse
868 4232 998 4279 non
1024 4213 1218 4295 foret,
1242 4214 1734 4297 tertiogenituS,
1761 4222 1878 4279 aut
1904 4213 2436 4295 quartogenituS,
2461 4214 2568 4279 vel
2603 4216 2864 4295 quinto·

472 4318 757 4400 genituS,
820 4318 1064 4397 quique
1110 4318 1361 4383 fuerint
1406 4324 1476 4383 et
1522 4318 1698 4383 sicut
1745 4337 1818 4383 se
1867 4336 2059 4382 casus
2117 4316 2439 4384 obtulerit
2502 4317 2690 4385 vitae
2753 4340 2866 4389 seu
