3288 4973
1358 393 1747 455 —203—

358 595 631 660 tradere
704 592 1081 676 promiserit
1146 594 1726 661 matrimonialiter
1793 594 1862 659 in
1932 610 2230 671 uxorem3
2306 608 2424 655 nos
2485 598 2745 667 quoque

360 699 589 764 eodem
638 698 899 765 nomine
948 699 1441 782 promiserimus
1490 698 1639 765 vice
1689 719 1904 781 versa,
1965 697 2141 779 ipsos
2188 696 2436 761 fratres
2484 695 2746 757 nostros

356 822 621 885 semper
686 808 755 869 et
808 804 876 869 in
942 805 1243 871 omnibus
1306 810 1623 885 tanquam
1693 804 1942 871 fratres
2013 801 2310 867 uterinos
2376 804 2608 864 tenere
2675 800 2746 860 et

350 906 533 972 sicut
579 913 838 974 nosmet
882 908 1063 990 ipsos
1110 908 1420 991 prosequi
1454 918 1687 975 contra
1730 926 1986 973 omnem
2021 902 2344 971 hominem
2375 906 2447 967 et
2476 902 2746 977 iuvare3

354 1028 635 1092 cumque
702 1011 891 1077 nobis
939 1014 1223 1093 tandem,
1286 1012 1473 1077 iuxta
1524 1012 1933 1079 vocationem
1983 1016 2052 1075 et
2098 1004 2742 1073 confoederationem

355 1114 668 1197 ipsorum,
730 1134 847 1199 pro
896 1119 1407 1182 consummando
1454 1115 1868 1183 matrimonio
1916 1120 1985 1181 et
2033 1111 2282 1194 nuptiis
2329 1108 2744 1177 celebrandis

352 1218 803 1303 venientibus
850 1219 1031 1287 dicta
1078 1220 1339 1285 domina
1386 1220 1792 1303 Margareta,
1838 1236 2086 1301 sponsa
2133 1224 2364 1282 nostra
2395 1214 2740 1283 carissima

356 1341 413 1403 p.
462 1342 535 1405 r.,
592 1322 724 1389 Deo
773 1324 1056 1406 volente,
1104 1324 1277 1389 viam
1327 1325 1413 1388 sit
1458 1324 1816 1391 universae
1847 1321 2068 1389 carnis
2105 1322 2436 1403 ingressa:
2473 1324 2746 1402 propter

352 1428 477 1493 hoc
524 1426 723 1511 ligam
772 1446 887 1493 seu
936 1428 1267 1494 vinculum
1316 1428 1694 1494 dilectionis
1742 1434 1810 1494 et
1855 1428 2012 1493 fidei
2057 1428 2368 1509 ipsorum,
2397 1441 2482 1493 ex
2513 1428 2742 1488 nostro

355 1531 617 1614 ingenti
654 1532 983 1598 desiderio
1017 1532 1271 1615 initum,
1305 1533 1483 1599 inter
1514 1551 1631 1599 nos
1667 1532 2023 1612 utrobique
2057 1529 2284 1596 taliter
2317 1535 2385 1595 et
2415 1531 2742 1595 firmatum

354 1634 667 1716 deperire
713 1636 1017 1702 nolentes
1079 1636 1462 1717 aliqualiter
1524 1644 1643 1703 aut
1707 1636 2056 1718 corrumpi,
2117 1652 2330 1715 quam,
2393 1637 2466 1699 ut
2528 1633 2742 1715 ipsum

353 1740 582 1821 potius
650 1740 949 1823 ampliori
1013 1740 1329 1806 firmitate
1389 1748 1460 1808 et
1516 1740 1867 1807 sinceriori
1925 1740 2197 1806 foedere
2255 1740 2608 1804 roboretur
2664 1756 2742 1803 ac

360 1844 596 1929 vigeat
646 1844 898 1928 jugiter
956 1865 1037 1911 ac
1096 1846 1439 1928 persistat,
1499 1846 1844 1929 praestito,
1903 1844 2106 1911 tactis
2166 1861 2286 1925 per
2345 1860 2464 1907 nos
2523 1859 2743 1907 sacro-

366 1948 626 2015 sanctis
697 1949 1085 2033 evangeliis,
1160 1951 1531 2017 iuramento
1592 1949 1940 2033 corporali,
1999 1946 2414 2031 promisimus
2471 1957 2542 2011 et
2601 1964 2748 2027 pro·

352 2052 679 2119 mittimus
728 2054 793 2120 in
842 2054 945 2120 his
994 2055 1291 2137 scriptis:

566 2158 995 2225 Antedictum
1018 2160 1078 2223 d.
1102 2160 1566 2241 marchionem,
1598 2160 1874 2225 fratrem
1902 2164 2216 2242 nostrum,
2241 2159 2457 2225 adhuc
2481 2176 2742 2224 exnunc

354 2262 417 2325 in
467 2268 691 2344 antea,
738 2280 997 2343 semper
1043 2268 1112 2328 et
1161 2264 1421 2345 ubique,
1468 2281 1664 2343 quam
1709 2264 1842 2346 diu,
1889 2263 2167 2329 Domino
2211 2263 2506 2347 favente,
2559 2260 2737 2329 vixe-

355 2367 583 2448 rimus„
628 2372 965 2447 tamquam
996 2366 1273 2433 fratrem
1307 2368 1635 2433 uterinum
1669 2372 1924 2448 tenere,
1953 2384 2268 2449 suumque
2302 2386 2382 2433 ac
2413 2372 2742 2433 terrarum

357 2489 627 2536 suarum
690 2472 1077 2555 profectum,
1136 2472 1465 2554 honorem,
1528 2473 1929 2538 commodum
1990 2492 2108 2553 pro
2175 2471 2347 2539 omni
2408 2490 2604 2554 posse
2662 2488 2741 2535 ac

358 2579 507 2641 tota
550 2576 897 2659 diligentia
942 2575 1231 2644 fideliter
1278 2596 1634 2658 procurare
1690 2583 1760 2645 et
1819 2577 1947 2644 sibi
2007 2577 2074 2642 in
2137 2576 2335 2642 terris
2399 2577 2536 2642 suis
2597 2595 2741 2642 cum

356 2685 590 2746 nostra
653 2698 937 2762 persona
1006 2683 1202 2748 rebus
1266 2701 1346 2748 ac
1390 2679 1714 2763 potentia
1776 2687 2006 2748 nostra
2071 2681 2308 2747 adesse
2373 2684 2443 2748 et
2507 2686 2740 2746 contra

356 2801 611 2848 omnem
658 2782 982 2850 hominem
1027 2785 1383 2868 viventem,
1432 2786 1604 2851 omni
1634 2787 1868 2852 fraude
1903 2790 1970 2850 et
2003 2783 2132 2851 doli
2168 2785 2479 2867 scrupulo
2513 2784 2743 2867 procul

358 2888 573 2970 motiS,
619 2887 799 2954 nullo
838 2907 1109 2970 prorsus
1142 2890 1427 2971 exciam,
1457 2889 1904 2970 cuiuscunque
1939 2890 2336 2956 conditionis
2369 2894 2487 2956 aut
2519 2895 2740 2956 status

357 2990 627 3068 existat,
660 2992 939 3062 firmiter
969 2995 1353 3078 adhaerere,
1386 3013 1666 3074 eumque
1698 2995 1767 3061 in
1799 2993 2078 3076 singulis
2111 2994 2398 3078 negotiis
2432 2994 2740 3063 evenien-

360 3094 541 3161 tibus
590 3103 659 3162 et
704 3098 1220 3166 necessitatibus
1269 3100 1405 3166 suis
1438 3101 1750 3181 prosequi
1783 3107 1853 3165 et
1884 3100 2113 3167 iuvare
2148 3099 2440 3167 consiliis
2473 3100 2738 3167 auxiliis

362 3204 435 3264 et
474 3199 923 3282 juvaminibus
970 3203 1378 3284 opportunis,

566 3305 715 3371 Hoc
760 3307 971 3372 solum
1026 3326 1358 3389 expresse,
1417 3311 1589 3388 quod
1651 3310 1779 3374 nisi
1841 3327 2159 3391 processu
2221 3309 2359 3375 solo
2422 3309 2741 3391 temporis

360 3409 571 3488 ipsum
618 3410 678 3476 d.
727 3410 1169 3476 marchionem
1216 3429 1363 3478 cum
1410 3413 1968 3478 excellentissimo
2020 3413 2337 3496 principe,
2401 3416 2457 3478 d.
2506 3413 2740 3480 Oarolo

360 3529 517 3596 rege
561 3513 953 3608 Hungariae
1014 3515 1273 3590 illustri,
1334 3517 1545 3582 fratre
1608 3521 1858 3600 nostro,
1913 3534 2218 3598 guerram
2280 3518 2610 3584 suscitare
2671 3523 2741 3582 et

362 3621 577 3683 terras
622 3617 835 3701 ipsius
880 3637 1077 3684 manu
1122 3622 1380 3700 potenti
1428 3622 1683 3687 intrare
1717 3619 2169 3702 contingeret:
2219 3627 2464 3689 extunc
2508 3620 2742 3688 licebit

361 3722 544 3788 nobis
590 3727 663 3789 et
712 3724 1072 3805 poterimus
1119 3743 1197 3790 ac
1243 3727 1619 3793 tenebimur
1666 3744 1811 3791 cum
1859 3725 2002 3805 ipso
2048 3726 2326 3808 dominu,
2365 3745 2523 3809 rege
2557 3727 2740 3792 Hun-

358 3826 604 3912 gariae,
651 3831 839 3893 stare
887 3835 956 3892 et
1002 3846 1147 3894 eum
1193 3830 1262 3894 in
1308 3829 1445 3897 suis
1494 3831 1696 3897 terris
1744 3833 2072 3897 duntaxat
2117 3834 2200 3896 ad
2255 3831 2737 3898 defendendum

360 3933 641 4014 easdem,
706 3935 939 3997 contra
998 3935 1368 4013 praefatum
1418 3936 1749 4001 dominum
1793 3935 2239 4002 marchionem
2306 3953 2422 4018 pro
2485 3936 2740 4002 viribus

363 4033 699 4102 adiuvare.
954 4097 959 4100 .

566 4139 639 4206 si
705 4156 863 4205 vero
931 4139 1101 4206 idem
1169 4141 1222 4208 d.
1290 4161 1411 4208 rex
1473 4143 1856 4226 Hungariae
1922 4149 2141 4209 terras
2209 4144 2418 4226 ipsius
2466 4144 2524 4208 d.
2572 4161 2740 4208 mar-

368 4241 615 4308 chionis
660 4242 971 4309 similiter
1018 4246 1493 4312 devastaturus
1540 4248 1857 4314 intraret:
1906 4254 2150 4314 extunc
2199 4267 2316 4330 pro
2355 4246 2737 4314 defensione

380 4344 661 4413 eiusdem
724 4345 1123 4414 marchionis
1170 4356 1240 4415 et
1300 4356 1627 4418 terrarum
1683 4371 1950 4418 suarum
2011 4371 2158 4418 cum
2221 4353 2365 4435 ipso
2426 4360 2744 4435 tanquam
