3288 4973
1558 306 1948 373 -208-—

756 506 907 581 192.
954 504 1278 581 ‚Ioannis
1324 509 1540 601 regis
1578 511 1664 583 B.
1699 511 1930 585 Pet-ro
1961 508 2188 584 Plick
2221 518 2298 585 et
2329 508 2492 585 suis
2525 504 2934 585 heredibus

550 622 625 685 et
683 616 1261 687 suecessoribus
1322 618 1563 687 castri
1624 618 1940 709 Neydek
1999 640 2164 689 eum
2227 620 2392 689 suis
2452 618 2940 709 pertinent-iis

549 718 627 789 in
671 721 975 789 feudum
1022 722 1415 793 concessio
1462 728 1537 791 et
1570 722 1850 809 judicii
1885 725 2165 811 capitis
2197 726 2294 795 ad
2325 726 2632 795 eandem
2677 744 2926 795 arcem

546 824 959 913 adjunctio.

1080 916 1275 994 1311,
1320 918 1428 983 2⁰.
1478 914 1972 1001 Septembris.
2023 917 2408 1004 (Pi-agae.)

753 1042 881 1096 List
916 1044 1071 1098 hrale
1106 1046 1269 1113 Jana,
1306 1046 1451 1101 kdez
1488 1048 1630 1100 diva
1665 1046 1774 1114 pod
1811 1046 1938 1100 leno
1977 1047 2206 1101 Petroti
2231 1048 2452 1102 Plikovi
2477 1050 2672 1103 zimek
2695 1046 2934 1115 Naydek

544 1146 605 1183 se
644 1130 785 1184 vfu‘m
818 1128 1283 1197 pHslussenstvim.

748 1236 871 1319 (A.
922 1236 1013 1305 K.
1062 1276 1146 1287 --
1196 1236 1347 1305 Cod.
1394 1243 1441 1323 γ’.
1502 1238 1557 1306 b.
1618 1240 1706 1306 II.
1770 1242 1834 1321 3,
1875 1264 1945 1325 p.
1991 1242 2094 1309 37.
2139 1278 2222 1289 ——
2267 1238 2485 1305 Euler
2541 1240 2576 1303 1
2593 1240 2652 1308 V.
2707 1240 2934 1318 1007.)

752 1430 901 1497 193.
994 1426 1482 1498 Pontii-matio
1560 1428 2150 1516 privilegiorum
2229 1430 2570 1499 civitatis
2651 1426 2930 1497 Wrati-

542 1532 837 1602 slaviae
887 1552 1021 1619 per
1068 1532 1419 1602 vai-olum
1468 1533 2002 1603 marchionem.

1289 1658 1485 1739 1341,
1530 1658 1639 1723 24.
1691 1656 2182 1755 Septmubris.

749 1778 1055 1862 KaroluS,
1100 1780 1283 1863 regis
1330 1780 1405 1845 B.
1450 1779 1952 1862 primogenium,
1996 1780 2290 1847 marchio
2326 1778 2680 1845 Moraviae.
2715 1776 2936 1841 Acce-

538 1884 773 1948 dentes
818 1884 904 1949 ad
950 1890 1247 1949 nostram
1294 1884 1746 1965 praesentiam
1791 1882 2022 1951 fideles
2087 1883 2350 1965 paterni
2409 1882 2726 1961 nobisque
2785 1880 2930 1945 sin—

534 2005 689 2053 cere
736 1987 964 2055 dilecti
1010 1987 1315 2055 consules
1362 1988 1961 2055 Wratislavienses
2008 1988 2266 2055 nomine
2321 1988 2530 2054 totius
2594 1984 2934 2052 universi-

536 2094 701 2158 tatis
776 2092 1076 2161 civitatis
1155 2093 1757 2176 wratislaviensis
1833 2092 2012 2161 facto
2082 2093 2272 2160 nobis
2339 2110 2422 2159 ex
2485 2092 2795 2159 mandato
2859 2090 2935 2154 d.

534 2196 860 2280 genitoris
906 2198 1118 2263 nostri
1165 2216 1286 2279 per
1332 2216 1517 2263 suam
1564 2198 2116 2265 deliberationem
2161 2196 2497 2279 propriam
2543 2201 2612 2260 et
2655 2212 2932 2261 snorum

533 2301 1055 2377 consiliariorum
1125 2301 1453 2383 potiorum
1523 2308 1941 2383 pertractato
2003 2303 2354 2369 fidelitatis
2412 2299 2753 2383 promisso,
2821 2296 2932 2383 sig:

530 2408 705 2488 quod
752 2411 903 2489 post
950 2409 1295 2473 decessum
1361 2408 1849 2490 praenominati
1911 2407 2236 2491 genitoris
2297 2404 2500 2490 (quod
2561 2404 2768 2480 absit)
2827 2404 2927 2469 ad

532 2529 652 2577 nos
720 2513 1071 2578 dumtaxat
1132 2519 1465 2593 tamquam
1528 2515 1615 2597 ad
1678 2512 2186 2596 primogenitum
2247 2529 2451 2596 suum,
2510 2515 2581 2576 et
2637 2527 2769 2576 non
2827 2509 2928 2574 ad

530 2614 746 2698 alium,
812 2617 1061 2683 habere
1128 2603 1455 2683 deberent
1523 2625 1920 2699 respect-um,
1987 2617 2308 2698 uobisque
2375 2622 2704 2695 tamquam
2767 2613 2924 2694 regi

533 2721 841 2786 'Boemiae
886 2727 957 2786 et
1001 2721 1263 2786 domino
1310 2741 1533 2788 eorum
1578 2722 1873 2805 legitimo
1921 2728 1992 2788 et
2037 2721 2329 2786 naturali
2373 2726 2442 2786 et.
2501 2717 2918 2785 hereditario

528 2842 783 2907 parere,
829 2823 1181 2891 intendere
1226 2831 1299 2891 et
1343 2827 1614 2892 obedire
1649 2827 1938 2892 fideliter
1967 2845 2111 2891 cum
2145 2826 2404 2907 effectu,
2437 2824 2680 2905 sicque,
2714 2832 2920 2904 prout

527 2927 780 3008 pridem
844 2946 964 3009 per
1032 2930 1091 2994 d.
1155 2929 1522 3011 genitorem
1586 2937 1882 2996 nostrum
1943 2929 2472 3014 privilegiatorie
2537 2926 2914 2994 ordinatum

524 3033 794 3114 existat,
840 3035 1015 3114 quod
1062 3053 1104 3100 a
1150 3053 1393 3100 corona
1440 3035 1628 3117 regni
1683 3035 1990 3101 Boemiae
2025 3034 2326 3100 totaliter
2365 3031 2804 3100 indivisibiles
2839 3043 2912 3096 et

524 3137 1008 3202 irremotabiles
1070 3138 1139 3204 in
1185 3145 1573 3220 perpetuum
1636 3158 1787 3204 esse
1849 3141 2202 3204 deberent:
2249 3138 2449 3204 iidem
2511 3135 2770 3218 paterni
2837 3139 2912 3200 et

524 3240 874 3307 nostri...
923 3243 1227 3310 consules
1290 3243 1890 3313 wratislavienses
1951 3244 2209 3310 nomine
2271 3242 2572 3309 civitatis
2631 3246 2704 3306 et
2761 3240 2910 3305 uni-

524 3345 867 3412 versitatis
932 3345 1160 3412 humili
1220 3365 1488 3428 precum
1548 3348 1874 3414 instantia
1921 3348 2325 3429 petiverunt,
2369 3351 2693 3426 quatenus
2739 3343 2908 3424 ipsis

522 3469 745 3516 omnes
794 3451 1203 3534 donationes,
1249 3453 1736 3534 concessioueS‚
1784 3453 2309 3530 inmunitate-tes,
2355 3452 2722 3530 libertateS‚
2753 3448 2902 3512 iura

523 3564 593 3621 et
640 3554 993 3638 privilegia
1041 3554 1348 3639 ipsorum,
1396 3576 1565 3637 quae
1612 3557 1719 3622 vel
1787 3575 1950 3637 quas
1997 3559 2081 3622 ab
2131 3556 2430 3622 omnibus
2489 3560 2560 3619 et
2619 3551 2906 3634 singulis

518 3659 817 3743 dominiS,
884 3677 1109 3725 eorum
1177 3659 1558 3742 pricipibus
1618 3680 1658 3725 a
1722 3660 1932 3740 prima
2007 3660 2395 3726 fundatione
2463 3655 2759 3726 civitatis
2827 3659 2905 3719 et,

522 3764 905 3847 specialiter
972 3783 1013 3828 a
1082 3765 1141 3828 d.
1208 3764 1511 3845 genitore
1572 3772 1801 3831 nostro
1875 3765 2326 3848 obtinuerunt,
2394 3781 2592 3845 super
2657 3758 2903 3841 quibus

518 3887 779 3935 suarum
828 3869 1079 3934 habent
1126 3867 1500 3934 litterarum
1564 3869 2118 3946 confirmationes,
2177 3867 2484 3934 similiter
2546 3865 2902 3946 ratificat-e,

514 3976 885 4053 approbare
933 3980 1004 4037 et
1047 3972 1432 4056 gratificare
1480 3975 1559 4038 de
1610 3973 2026 4057 benignitate
2089 3972 2290 4039 solita
2351 3974 2469 4039 suh
2528 3972 2900 4036 iuramento

516 4076 843 4158 praestito
868 4077 1305 4158 dignaremur.
1328 4077 1709 4160 Eapropter
1732 4096 1850 4145 nos
1879 4130 1890 4142 .
1917 4130 1929 4143 .
1957 4130 1970 4143 .
2004 4077 2324 4143 dictorum
2351 4075 2708 4157 consulum,
2737 4073 2900 4138 fide·

516 4179 669 4245 lium
734 4186 1159 4262 paternorum
1217 4188 1283 4246 et.
1338 4192 1713 4249 nostrorum
1777 4180 2428 4248 wratislaviensium
2493 4178 2686 4246 iustis
2747 4195 2898 4258 pre-

518 4285 703 4350 cibus
768 4285 1233 4351 tavorabiliter
1278 4285 1599 4365 inclinati,
1661 4287 1883 4353 dictae
1931 4285 2196 4352 civitati
2243 4281 2778 4354 Wratislaviensi
2817 4287 2906 4343 et.
