3288 4973
1459 286 1807 347 ...62-

635 495 744 562 56.
781 489 1199 561 Promissio
1235 488 1451 577 regis
1482 489 1536 560 J
1537 487 1807 559 oannis
1838 486 1933 557 de
1962 486 2203 555 berna
2231 505 2369 573 per
2402 484 2819 555 Moraviam

434 618 584 667 non
627 595 1086 684 recipienda.

1348 683 1546 769 1327,
1590 683 1699 751 31.
1748 680 1801 750 J
1802 700 1920 749 an.

643 815 779 882 Nos
825 816 872 881 J
877 832 1124 881 oannes
1177 818 1324 899 etc.,
1387 812 1923 898 recognoscimus
1985 817 2133 894 eto,
2200 812 2373 891 quod
2435 810 2588 891 quia
2646 809 2825 875 sicut.

437 921 624 1001 prius
692 918 1100 1000 aliquociens
1169 918 1400 985 dilecti
1467 919 1699 985 fideles
1769 919 2002 999 nostri,
2070 920 2375 999 baroneS,
2438 915 2693 981 nobiles
2754 918 2827 978 et

437 1025 873 1107 wladykones
931 1030 1160 1089 terrae
1221 1032 1495 1090 nostrae
1557 1024 1923 1106 Moraviae,
1970 1022 2066 1089 sic
2114 1028 2185 1087 et
2228 1039 2400 1088 nunc
2444 1021 2530 1086 ad
2578 1020 2827 1085 instan-

439 1129 600 1195 tiam
627 1134 920 1195 nostram
943 1148 1064 1211 pro
1094 1127 1568 1211 multiplicibus
1600 1128 1846 1195 debitis
1876 1126 2145 1210 nostris,
2176 1126 2415 1207 quibus
2450 1126 2515 1191 in
2548 1123 2831 1189 instantl

437 1233 884 1317 opprimimur,
932 1250 1103 1313 quae
1147 1232 1292 1299 sine
1340 1234 1632 1315 ipsorum
1678 1232 2010 1317 adjutorio
2058 1231 2235 1299 nullo
2290 1232 2477 1297 modo
2542 1229 2829 1295 evadere

442 1344 840 1420 poteramus»,
907 1338 1184 1403 bernam
1250 1335 1396 1403 sive
1465 1339 1812 1404 collectam
1878 1336 2135 1420 regiam
2196 1334 2577 1421 generalem
2641 1331 2833 1399 nobis

441 1444 771 1508 dederunt
815 1459 894 1506 ac
937 1439 1363 1507 indulserunt
1409 1448 1605 1525 grata
1663 1440 2134 1523 promptitudo,
2196 1442 2277 1507 de
2338 1441 2482 1505 sola
2542 1438 2831 1519 ipsorum

443 1544 915 1629 benivolentia,
959 1562 1091 1609 non
1138 1546 1220 1611 de
1257 1546 1438 1629 jure:
1486 1565 1606 1613 nos
1652 1546 1930 1628 proinde
1978 1544 2077 1611 eis
2118 1552 2317 1629 grata
2366 1541 2831 1610 vicissitudine

446 1668 798 1716 occurrere
843 1650 1210 1730 cupientes,
1257 1650 1516 1717 sincere
1566 1650 1979 1733 promisimus
2028 1655 2097 1716 et
2142 1649 2607 1732 promittimu3‚
2658 1646 2833 1727 quod

447 1755 694 1820 nullam
741 1756 823 1819 de
885 1744 1157 1819 caetero
1217 1754 1406 1820 nobis
1467 1756 1615 1821 dari
1674 1755 1741 1821 in
1802 1755 1952 1837 ipsa
2012 1764 2196 1820 terra
2264 1758 2496 1819 nostra
2564 1752 2833 1817 bernam

446 1860 590 1925 sive
638 1858 981 1924 collectam
1029 1856 1281 1942 regiam
1329 1863 1450 1924 aut
1493 1878 1616 1942 per
1661 1858 1909 1925 nullum
1956 1860 2217 1925 modum
2264 1857 2472 1939 recipi
2516 1855 2835 1923 faciemus

447 1962 697 2027 nostris
743 1961 1173 2044 temporibuS,
1219 1962 1353 2028 nisi
1398 1982 1517 2045 pro
1571 1964 1925 2047 maritagio
1986 1963 2267 2047 alicujus
2328 1962 2503 2029 filiae
2568 1966 2837 2025 nostrae

448 2084 566 2132 seu
613 2065 852 2148 copula
897 2064 1203 2147 maritali,
1249 2066 1308 2132 si
1353 2085 1484 2147 qua
1529 2067 1721 2133 nobis
1768 2069 2040 2134 inantea
2086 2069 2265 2133 ultra
2308 2084 2444 2148 eaS,
2490 2082 2661 2145 quae
2700 2062 2837 2145 jam

449 2176 653 2237 natae
697 2176 874 2253 sunt,
921 2170 1124 2235 dante
1156 2170 1438 2236 Domino
1471 2172 1773 2256 legitima
1804 2176 2245 2239 nascerentur
2276 2188 2397 2237 seu
2427 2174 2839 2248 nasceretur,

452 2280 610 2341 tunc
655 2274 944 2353 denique
993 2291 1074 2339 ea
1118 2275 1203 2340 ad
1250 2276 1628 2343 nubendum
1676 2276 1907 2343 adulta
1937 2282 2011 2343 et
2043 2275 2315 2358 tradita,
2350 2292 2468 2356 per
2496 2272 2841 2353 fertonem,

457 2378 589 2444 vid.
635 2378 802 2443 XVI
847 2396 942 2460 gr,

659 2482 856 2566 Prag.
928 2501 1047 2565 per
1114 2482 1326 2564 ipsam
1391 2491 1646 2550 terram
1707 2492 2003 2552 nostram
2066 2484 2431 2552 Moraviam
2504 2485 2585 2550 de
2647 2482 2840 2549 laneo

458 2587 756 2668 quolibet
813 2589 1088 2652 bernam
1151 2586 1293 2655 sive
1353 2587 1697 2654 collectam
1764 2590 2019 2673 regiam
2082 2589 2387 2672 recipere
2442 2589 2632 2655 nobis
2694 2589 2840 2653 ideo

455 2691 702 2773 licebit,
777 2693 953 2770 qnod
1028 2692 1290 2757 ratione
1365 2692 1706 2776 maritagii
1782 2694 2156 2776 hujusmodi
2229 2695 2443 2761 nullas
2527 2693 2843 2762 civitates

457 2802 744 2877 nostraS,
812 2794 1214 2862 munitiones
1279 2800 1395 2862 aut
1461 2799 1633 2862 bona
1691 2798 1949 2883 regalia
2008 2798 2307 2884 obligare
2369 2805 2489 2865 aut
2548 2798 2843 2865 alienare

459 2898 844 2980 aliqualiter
888 2900 1264 2966 debeamus.

668 3001 989 3070 Similiter
1065 3023 1182 3085 pro
1251 3002 1531 3090 alicujus
1607 3007 1892 3074 filiorum
1966 3013 2343 3074 nostrorum
2420 3005 2846 3074 coronatione

461 3107 664 3174 etiam
709 3109 983 3173 eandem
1019 3110 1292 3175 bernam
1323 3117 1442 3177 aut
1472 3111 1819 3178 collectam
1855 3112 2107 3194 regiam
2150 3112 2453 3194 recipere
2482 3127 2847 3193 possumus,

462 3209 520 3276 si
567 3211 922 3291 aliquando
967 3212 1180 3293 ipsum
1227 3214 1295 3280 in
1327 3233 1550 3299 regem
1584 3215 1897 3284 Boemiae
1929 3223 2000 3282 et
2031 3216 2099 3284 in
2132 3217 2276 3299 ipso
2310 3236 2515 3300 regno
2546 3216 2846 3284 volumus

463 3321 580 3383 aut
626 3318 871 3383 debeat
917 3319 1238 3386 coronari.

669 3418 1071 3502 Specialiter
1128 3423 1331 3488 etiam
1395 3425 1858 3510 promittimuS,
1927 3428 2100 3506 quod
2166 3427 2380 3492 nullas
2450 3424 2846 3492 munitiones

465 3523 674 3606 ipsius
720 3529 945 3590 terrae
991 3531 1265 3591 nostrae
1311 3527 1396 3594 Μ.
1443 3530 1783 3596 extraneis
1830 3530 1939 3596 vel
1992 3531 2273 3596 advenis
2332 3530 2849 3610 quibuscumque

469 3629 738 3712 donare,
783 3629 1080 3712 obligare
1129 3635 1245 3696 aut
1291 3631 1703 3698 committere
1749 3635 2125 3700 debeamus

675 3732 930 3797 Harum
978 3737 1103 3799 etc.

677 3835 922 3902 Datum
969 3839 1278 3904 Brunnae
1325 3839 1412 3906 H.
1457 3841 1604 3908 Kal.
1655 3844 1850 3912 Febr.
1897 3864 1955 3910 a.
2004 3845 2082 3910 D.
2133 3851 2318 3911 1327.

675 3939 1048 4026 (Oriqae‘nale
1108 3943 1177 4003 in
1241 3945 1504 4010 archivo
1571 3944 1874 4012 Statuam
1936 3950 2423 4012 marchionatus
2484 3947 2855 4014 Mor-aviae:

467 4040 550 4110 N.
607 4043 664 4111 2.
727 4043 900 4108 inter
961 4044 1338 4134 Prz'vileyia.
1389 4087 1464 4098 --
1515 4047 1869 4116 Conteoetus
1938 4051 2175 4137 leyitur
2239 4053 2308 4115 in
2375 4053 2854 4135 confirmatione

459 4145 960 4234 prinileqiorum
1026 4152 1199 4236 reqis
1245 4153 1566 4218 Matthiae
1611 4155 1693 4218 ab
1754 4179 1813 4224 a.
1871 4158 2083 4224 1479.-
2146 4153 2365 4221 Knika
2428 4157 2855 4240 Tovac'ovskd,

467 4250 587 4314 ubi
627 4261 686 4314 et
731 4254 940 4316 versio
987 4252 1328 4324 bohemica.
1373 4293 1456 4305 -
1505 4257 1726 4344 Chytil
1779 4261 1877 4329 VI.
1922 4263 2068 4330 323.
2099 4301 2185 4312 -
2216 4261 2431 4326 Emler
2476 4265 2600 4336 III,
2645 4268 2858 4350 1268.)
