3288 4973
1497 337 1888 399 —414—

692 545 845 612 388.
936 539 1382 642 Castrorum
1474 537 1973 626 Bleyenstein
2045 542 2125 610 et
2199 536 2702 609 Richenstein
2781 537 2898 608 in-

486 645 848 717 feudatio.

1238 741 1245 749 ·
1320 733 1517 815 1356,
1564 735 1631 800 5.
1669 729 2051 801 Januarii.

695 871 825 926 List
860 870 1105 925 Rudolfa
1141 871 1403 925 knieiete
1441 870 1696 938 saskeho,
1737 875 1803 924 ze
1837 869 1948 926 Jau
1973 886 2008 924 a
2033 869 2262 924 Oldrieh
2287 869 2575 924 lantkrabi
2597 884 2628 921 z
2653 869 2888 935 Leytm—

486 958 666 1014 burka
716 956 1015 1026 poddavaji
1070 971 1131 1011 se
1186 956 1389 1011 ciesari
1444 955 1510 1009 K.
1558 956 1794 1025 jakozto
1849 956 1996 1012 krali
2051 960 2310 1012 ceskemu
2349 972 2382 1010 a
2411 956 2549 1026 jeho
2601 955 2890 1022 badenim.

482 1045 697 1100 kralom
732 1046 969 1112 ceskym
1008 1059 1036 1096 s
1074 1045 1271 1112 zamky
1312 1043 1767 1110 Bleyensteinem
1799 1059 1832 1100 a
1869 1043 2343 1113 Bychensteiuem
2375 1045 2486 1112 pod
2518 1044 2661 1098 leno.

692 1167 814 1251 (A.
861 1166 958 1238 K.
1005 1204 1091 1215 —
1136 1163 1397 1232 Similes
1452 1165 1712 1232 litterae
1775 1167 2140 1231 Boemundi
2180 1173 2245 1232 ct
2293 1165 2623 1230 wilhelmi
2663 1167 2894 1230 archi-

479 1274 929 1356 episcoporum
1007 1271 1153 1340 ddo.
1218 1273 1323 1340 20.
1366 1269 1634 1356 Aprilis
1681 1272 1858 1338 1356
1923 1271 2376 1358 Nomberqae.
2441 1309 2530 1322 —
2596 1269 2896 1356 Ruperti

481 1375 733 1440 comnis
778 1375 1078 1460 palatini
1120 1376 1265 1441 dolo.
1314 1379 1375 1444 6.
1418 1375 1743 1440 Januarii
1786 1378 1960 1441 1356
2001 1375 2484 1461 Nomberqae.)

688 1593 842 1663 389.
888 1591 1319 1663 Elector-um
1367 1592 1680 1680 Imperii
1721 1593 2000 1664 literae
2044 1591 2138 1662 de
2181 1591 2460 1664 incolis
2515 1591 2876 1663 Boemiae

479 1695 576 1767 ad
596 1696 897 1786 judicia
925 1699 1295 1767 extranea
1324 1717 1473 1766 non
1505 1697 1940 1782 evocandiS,
1972 1697 2066 1767 de
2097 1697 2412 1768 mineris
2443 1700 2523 1767 et
2547 1701 2880 1766 moneta.

1314 1821 1507 1905 1356,
1554 1824 1619 1889 7.
1667 1819 1719 1890 J
1721 1818 2047 1890 anuarii.

685 1949 851 2018 Listy
887 1948 1028 2004 sesti
1053 1949 1391 2018 korferstfiv‚
1418 1950 1770 2006 duohovnich
1795 1951 2074 2006 Gerlacha
2099 1950 2458 2017 arcibiskupa
2482 1949 2882 2018 Mohutskebo,

472 2037 693 2092 Vilema
731 2036 1090 2104 Kolinskehm
1128 2037 1449 2092 Boemunda
1486 2036 1844 2105 Trierskeho,
1881 2037 2188 2104 svetskych
2224 2035 2551 2104 Rnprecbta
2593 2034 2882 2090 falckrabi

473 2141 505 2178 z
542 2125 756 2192 Reynu,
796 2123 1039 2178 Rudolfa
1074 2123 1338 2178 kniezcte
1377 2124 1633 2188 saekeho,
1678 2122 1936 2178 Ludvssta
1971 2123 2241 2178 feceneho
2267 2122 2568 2188 Romanus,
2593 2121 2888 2176 markrabi

476 2211 922 2270 bramburskebo,
966 2215 1032 2265 ze
1070 2210 1312 2278 nizadny
1350 2227 1380 2263 z
1416 2211 1633 2279 koruny
1671 2209 1838 2264 ceske
1883 2224 1991 2265 ven
2037 2227 2066 2263 z
2119 2210 2272 2264 acme
2307 2212 2468 2264 noma
2505 2209 2543 2262 k
2581 2206 2892 2276 nitadnym

472 2297 699 2352 saudom
738 2298 990 2366 pohanen
1032 2297 1169 2366 b5ti,
1206 2299 1317 2363 pak
1355 2312 1386 2353 o
1421 2295 1627 2352 hor-ach
1665 2295 1686 2350 i
1725 2313 1756 2350 o
1793 2297 1972 2352 minoe
2015 2297 2222 2352 razeni.

682 2419 818 2486 Nos
865 2420 1187 2488 Gerlacus
1236 2424 1366 2488 etc.

680 2526 839 2591 Cum
889 2544 1009 2606 per
1053 2525 1453 2592 recolendae
1497 2526 1856 2593 memoriae
1919 2527 2107 2593 divos
2159 2526 2604 2593 Romanorum
2648 2526 2868 2607 Impe-

470 2635 733 2696 ratores
781 2634 853 2696 et
897 2648 1091 2712 reges
1151 2630 1529 2697 illustribus
1592 2632 1918 2712 quondam
1979 2631 2173 2715 regni
2235 2632 2539 2699 Boemiae
2592 2632 2870 2715 regibus

469 2735 693 2801 clarae
739 2732 1095 2801 memoriae
1142 2753 1222 2801 ac
1267 2754 1475 2819 regno
1530 2736 1830 2803 Boemiae
1877 2740 1948 2802 et
1993 2738 2290 2821 ejusdem
2337 2735 2529 2821 regni
2575 2755 2870 2804 coronae

467 2837 623 2904 olim
671 2856 1056 2905 concessum
1100 2837 1307 2905 fuerit
1352 2845 1420 2905 et
1464 2840 1816 2925 indultum,
1861 2840 2084 2921 sitque
2146 2841 2216 2908 in
2277 2844 2510 2909 eodem
2569 2858 2772 2922 regno
2821 2860 2870 2906 a

468 2950 788 3024 tempore,
822 2944 1007 3026 cnjus
1039 2942 1363 3008 contrarii
1392 2944 1589 3009 hodie
1625 2962 1760 3009 non
1791 2952 1980 3009 extat
2017 2945 2349 3028 memoria,
2381 2944 2870 3012 consuetudine

465 3046 788 3114 laudabili
832 3045 1199 3113 incolvulse
1262 3054 1557 3131 servata,
1617 3048 2069 3116 diuturnitate
2113 3056 2482 3132 temporum
2545 3056 2616 3115 et
2675 3067 2882 3131 prae·

465 3150 723 3233 scripta
752 3152 1043 3217 moribus
1070 3152 1402 3219 utentium
1436 3152 1581 3219 sine
1617 3153 2171 3221 contradictionis
2203 3160 2325 3221 aut
2354 3152 2882 3237 interruptionis

466 3255 810 3322 obstaculo
841 3256 1310 3336 introductum,
1344 3257 1517 3336 quod
1550 3256 1774 3323 nullus
1807 3259 2138 3342 princeps,
2161 3260 2344 3341 baro,
2369 3258 2629 3341 nobilia,
2653 3258 2874 3343 mileS‚

467 3359 697 3442 clienS,
761 3360 948 3441 civiS,
1009 3360 1360 3442 burgensis
1424 3378 1542 3427 seu
1601 3361 1914 3441 rusticus.
1983 3362 2167 3428 nulla
2221 3361 2504 3443 denique
2574 3380 2870 3444 persona

466 3464 760 3546 ejusdem
796 3461 988 3546 regni
1020 3469 1091 3527 et
1115 3464 1674 3545 pertinentiarum
1707 3467 2003 3550 ejusdem
2040 3468 2285 3546 ubique
2324 3454 2864 3551 consistentium,

467 3568 914 3651 cujuscunque
961 3572 1200 3650 statuS,
1247 3567 1615 3651 dignitatis,
1677 3568 2245 3649 praeeminentiae
2301 3571 2411 3637 vel
2455 3570 2864 3639 conditionis

467 3672 737 3754 existat,
786 3673 871 3737 ad
912 3672 1367 3755 cujuscunque
1396 3672 1648 3739 actoris
1682 3673 2074 3739 instantiam
2111 3679 2306 3742 extra
2334 3694 2610 3759 regnum
2643 3676 2866 3758 ipsum

464 3779 552 3843 ad
597 3778 1031 3857 quodcunque
1080 3776 1374 3843 tribunal
1421 3795 1539 3842 seu
1586 3778 1890 3859 ἣκει-1113,
1934 3783 2402 3861 praeterquam
2445 3780 2625 3863 regis
2674 3779 2740 3845 B.
2790 3788 2868 3846 et

458 3880 754 3964 judicum
805 3880 1049 3962 regalis
1099 3881 1325 3947 curiae
1373 3900 1556 3964 suae,
1608 3882 1933 3965 ‚iudicium
1979 3883 2177 3949 citari
2223 3884 2473 3966 poterit
2516 3902 2638 3951 seu
2682 3884 2880 3953 trahi

465 4002 590 4053 nec
622 3984 849 4050 vocari
889 3986 1135 4052 debeat
1179 3987 1523 4067 perpetuis
1572 3986 1846 4052 inantea
1891 3987 2319 4070 temporibus,
2363 3986 2509 4053 sive
2542 3990 2776 4069 possit.

672 4088 962 4168 Cumque
1030 4089 1495 4156 serenissimus
1558 4108 1637 4157 ac
1699 4090 2179 4158 invictissimus
2243 4091 2557 4174 princeps
2617 4099 2690 4158 et
2743 4094 2862 4159 do·

462 4192 695 4275 mium,
764 4194 823 4259 d.
886 4192 1161 4261 Carolus
1230 4200 1511 4274 quartus
1575 4195 1821 4277 divina,
1880 4195 2153 4261 favente
2216 4196 2570 4264 clementia
2613 4196 2858 4265 Roma-

463 4315 690 4364 norum
736 4296 1112 4377 Imperator
1158 4316 1421 4381 semper
1474 4310 1801 4383 augustus
1865 4306 1936 4366 et
1997 4300 2306 4368 Boemiae
2366 4320 2487 4367 rex
2544 4300 2846 4385 illustris,
