3288 4973
1528 381 1920 444 *254—

528 584 834 666 primitus
896 593 964 652 et
1024 585 1354 668 praestito
1421 587 1506 652 ab
1574 587 1803 652 eodem
1869 585 2180 668 episcopo
2248 588 2316 649 et
2371 577 2902 664 procuratoribus

524 689 885 756 antedictis
933 689 1128 757 solito
1174 695 1245 757 et
1290 690 1515 756 debito
1552 691 1946 774 juramento,
1991 689 2455 758 investivimus
2496 693 2566 752 et
2597 702 2900 766 praesen·

524 793 701 861 tibus
748 795 1159 878 investimus,
1207 800 1282 860 ut
1318 794 1466 876 ipsi,
1498 795 1850 876 episcopus
1885 800 1954 862 et
1985 793 2346 875 capitulum
2375 810 2456 858 ac
2487 805 2902 857 successores

524 914 748 966 eorum
772 898 963 964 nobis
989 903 1057 963 et
1080 897 1437 964 heredibus
1462 898 1731 977 nostriS,
1754 898 2270 980 successoribus,
2292 893 2560 976 regibus
2581 892 2904 990 Boemiae‚

522 1001 637 1081 qui
682 1022 800 1084 pro
849 1009 1148 1082 tempore
1180 1001 1449 1083 fuerint,
1482 1007 1812 1082 tamquam
1847 1003 2027 1070 veris
2059 999 2301 1084 pheodi
2333 997 2612 1064 dominis
2646 996 2902 1062 ratione

522 1110 835 1174 bonorum
886 1105 1373 1188 praedictorum
1408 1113 1796 1174 constanter
1829 1111 1900 1172 et
1931 1107 2220 1173 fideliter
2251 1106 2332 1170 de
2366 1108 2591 1170 cetero
2627 1105 2904 1184 pareant

522 1217 591 1278 et
638 1211 1007 1278 intendant.
2889 1204 2894 1206 ’

728 1316 808 1382 In
855 1316 1041 1398 quus
1090 1365 1101 1380 .
1152 1366 1164 1380 .
1214 1366 1226 1379 .

728 1447 971 1511 Actum
1022 1452 1109 1545 'et
1180 1447 1406 1511 datum
1474 1445 1736 1529 Pragae
1809 1444 2274 1526 praesentibus
2343 1449 2469 1508 etc.
2539 1445 2606 1509 in
2667 1443 2776 1508 die
2843 1441 2901 1506 S.

522 1548 884 1615 Clementis
930 1570 986 1615 a.
1033 1549 1112 1615 D.
1166 1555 1349 1616 1344.

726 1678 1147 1764 (Granhaqon
1193 1679 1283 1747 ΙΙ.
1332 1677 1477 1746 209.
1523 1715 1609 1728 —-
1656 1677 1871 1743 Emler
1923 1679 1960 1740 I
1970 1677 2028 1746 V.
2080 1677 2298 1766 1470.)

724 1871 873 1937 242.
946 1867 1364 1938 promissio
1410 1865 1713 1937 Preclai
1761 1887 1874 1954 ep.
1925 1867 2137 1936 Vrat.
2187 1866 2279 1935 de
2327 1864 2613 1936 litteris
2673 1885 2901 1951 super

520 1972 892 2042 Grotkow
938 1968 1413 2042 exhibendis.

1275 2094 1470 2178 1344,
1516 2096 1624 2162 24.
1673 2093 2147 2164 Novembris,

722 2232 849 2285 List
885 2231 1159 2285 Preclava
1196 2229 1431 2299 biskupa
1468 2229 1948 2296 Vratislavskeho‚
1985 2231 2130 2286 kdez
2166 2230 2386 2299 slibuje,
2425 2235 2490 2284 ze
2527 2229 2545 2282 i
2581 2245 2608 2282 s
2649 2228 2898 2296 kapitolfi

517 2318 913 2374 Vratislavskfi
950 2318 1083 2372 chce
1122 2315 1239 2372 dati
1283 2316 1383 2371 list
1432 2317 1540 2385 pod
1592 2318 1782 2372 velikii
1829 2321 2016 2386 pedeti
2054 2321 2156 2374 svn
2193 2318 2337 2373 krali
2385 2316 2590 2374 Janovi
2639 2318 2896 2372 ceskemn

1204 2402 1295 2418 ..ΙΙ

721 2530 859 2595 Nos
904 2528 1263 2594 Preczlaus
1296 2527 1375 2592 D.
1408 2548 1500 2609 gr.
1536 2528 1886 2609 episcopus
1923 2527 2519 2611 Wratislaviensis,
2551 2546 2894 2611 recognos-

513 2636 717 2700 cimus
766 2639 997 2699 tenore
1046 2632 1497 2713 praesentium
1547 2632 1938 2714 litterarum,
1977 2650 2098 2697 nos
2131 2632 2688 2699 excellentissimo
2719 2633 2894 2715 prin-

514 2739 665 2822 cipi,
724 2736 983 2804 domino
1031 2740 1282 2817 nostro,
1328 2738 1385 2801 d.
1432 2734 1680 2801 Joanni
1728 2736 1871 2820 regi
1938 2737 2032 2818 Β.,
2085 2740 2258 2802 bona
2301 2739 2430 2804 fide
2477 2736 2895 2819 promississe

511 2863 590 2909 ac
638 2842 1083 2925 promittimus
1130 2857 1250 2921 per
1295 2846 1708 2921 praesenteS,
1743 2842 1916 2920 quod
1947 2844 2266 2919 quasdam
2298 2842 2564 2908 litteras
2596 2842 2891 2926 recogni-

512 2946 712 3011 tionis
760 2950 989 3010 nostro
1036 2942 1272 3026 majori
1317 2942 1537 3026 sigillo
1585 2944 1895 3026 munitaS,
1950 2944 2018 3011 in
2082 2944 2320 3025 quibus
2381 2964 2498 3010 nos
2555 2963 2687 3010 una
2748 2964 2890 3011 cum

510 3050 801 3131 capitulo
865 3056 1095 3114 nostro
1144 3046 1688 3115 Wratislaviensi
1754 3050 2138 3130 profitemur
2201 3048 2510 3132 oppidum
2573 3048 2893 3116 Grotkow

510 3172 652 3219 cum
716 3152 857 3235 eJus
918 3152 1233 3217 districtu
1296 3170 1374 3217 ac
1438 3152 1738 3218 omnibus
1791 3152 2057 3237 juribus
2124 3160 2194 3219 et
2265 3153 2691 3235 pertinentiis
2755 3155 2891 3220 suis

511 3278 550 3323 a
610 3257 789 3323 dicto
851 3255 1273 3322 serenissimo
1336 3255 1653 3339 principe,
1723 3258 1780 3323 d.
1843 3277 2003 3341 rege
2073 3259 2166 3341 Β.,
2213 3258 2278 3323 in
2341 3276 2567 3324 verum
2629 3256 2890 3324 feudum

510 3361 868 3444 recepisse,
944 3361 1439 3441 procurabimus
1515 3361 1737 3444 sigillo
1807 3361 1968 3428 dicti
2038 3363 2252 3428 nostri
2317 3361 2887 3428 Wratislaviensis

509 3463 785 3548 capituli
830 3464 1149 3547 pendenti
1194 3464 1512 3545 singulari
1557 3517 1570 3531 .
1620 3518 1633 3531 .
1681 3518 1694 3532 .

720 3570 796 3634 In
844 3567 1031 3650 cujus
1076 3568 1176 3633 rei
1222 3620 1234 3633 .
1281 3620 1294 3633 .
1342 3620 1353 3633 .
1641 3556 1650 3565 ’

650 3690 655 3695 ’
717 3692 960 3755 Actum
1036 3694 1105 3754 et
1181 3691 1407 3756 datum
1484 3693 1744 3776 Pragae
1819 3693 1890 3757 in
1965 3696 2152 3759 domo
2231 3695 2418 3778 regia
2493 3694 2679 3759 VIII.
2746 3693 2886 3759 Kal.

511 3792 898 3861 Decembris
958 3812 1015 3858 a.
1075 3792 1154 3858 D.
1222 3799 1405 3876 1344,
1470 3796 1934 3875 praesentibus
1998 3798 2146 3864 hon.
2217 3798 2512 3881 dominis,
2581 3799 2886 3864 Johanne

510 3896 979 3964 archidiacono
1071 3896 1518 3980 Glogoviensi,
1619 3898 1866 3965 Ottone
1949 3903 2028 3966 de
2106 3902 2342 3985 Donin,
2419 3903 2746 3969 Ticzcone
2822 3906 2887 3968 et

510 4003 783 4069 Nicolao
831 4000 1030 4068 dictis
1076 4002 1159 4065 de
1208 4000 1577 4083 Panowicz,
1635 4005 1972 4070 canonicis
2037 4007 2283 4072 nostris
2340 4008 2566 4088 Wrat.,
2614 4025 2694 4071 ac
2741 4006 2886 4073 aliis

508 4107 807 4190 pluribus
854 4106 983 4171 fide
1031 4103 1268 4187 dignis

711 4234 834 4323 (A.
882 4234 976 4305 K.
1024 4271 1111 4285 -
1157 4234 1371 4319 Chqtil„
1448 4234 1573 4303 Vll.
1635 4236 1783 4303 563.
1843 4274 1930 4288 —
1994 4238 2388 4325 Gric‘nhayen
2447 4240 2538 4309 II.
2605 4242 2750 4310 210.
2804 4282 2886 4293 -—

506 4340 723 4406 Emler
779 4340 913 4410 Vll.
956 4339 1174 4427 1476.)
