3288 4973
1292 343 1680 406 -357-

296 545 561 624 sibique
608 549 921 626 tanquam
971 547 1113 628 regi
1161 546 1469 612 Boemiae
1518 564 1776 614 necnon
1823 565 2000 630 vero,
2048 545 2342 630 legitimo
2390 553 2460 612 et
2497 551 2685 612 natu-

293 649 423 714 rali
472 650 729 715 domino
776 655 1005 715 nostro
1052 650 1121 715 in
1168 651 1470 717 omnibus
1519 655 1591 716 et
1634 650 1916 734 singulis
1965 668 2204 732 parere
2234 654 2305 716 et
2336 649 2686 716 intendere

288 759 361 819 et
406 755 661 832 absque
708 753 915 819 omnis
963 753 1535 836 contradictioni-⁸3,
1595 755 2050 836 impedimenti
2099 773 2218 819 seu
2266 753 2685 820 difficultatis

292 856 640 924 obstaculo
686 857 978 924 fideliter
1022 857 1311 924 obedire.

503 961 983 1028 Promittentes
1030 961 1451 1027 nihilominus
1498 963 1672 1028 bona
1717 967 1950 1026 nostra
1995 961 2145 1043 fide,
2189 961 2332 1027 sine
2366 962 2534 1044 dolo,
2566 980 2683 1042 pro

290 1066 501 1148 nobiS,
536 1065 889 1132 heredibus
912 1073 983 1132 et
1007 1066 1504 1132 successoribus
1536 1065 1803 1147 nostris,
1839 1071 1912 1130 ut
1948 1065 2418 1148 praemittitur,
2451 1067 2683 1132 eadem

284 1171 668 1254 juramenta
715 1169 1086 1252 corporalia
1132 1173 1213 1236 de
1260 1167 1409 1250 fide,
1440 1169 1785 1252 legalitate
1819 1173 1888 1234 et
1919 1169 2300 1235 obedientia
2335 1171 2685 1252 servanda,

290 1292 423 1340 non
470 1279 753 1340 extante
798 1273 1101 1356 praefato
1150 1276 1208 1340 d.
1260 1275 1672 1356 WenceslaO,
1719 1292 1836 1338 suo
1885 1272 2345 1355 primogenitO,
2410 1274 2520 1338 vel
2570 1271 2682 1338 illo

292 1396 423 1444 non
471 1377 827 1458 existente,
874 1378 1122 1445 seniori
1170 1397 1429 1445 suorum
1479 1379 1814 1460 heredum,
1860 1376 1966 1443 vel
2013 1377 2157 1458 ipso
2203 1379 2456 1457 absque
2498 1377 2684 1444 here-

292 1482 491 1547 dibus
540 1483 926 1566 decedente,
972 1482 1170 1549 fratri
1216 1501 1333 1548 suo
1381 1483 1650 1564 seniori,
1697 1482 1758 1548 si
1803 1501 1991 1562 quem
2039 1482 2368 1562 habuerit,
2413 1487 2532 1546 aut
2577 1480 2688 1547 illo

292 1588 685 1669 decedente,
736 1587 982 1653 seniori
1016 1587 1311 1670 ejusdem
1351 1586 1584 1653 fratris
1618 1587 1868 1669 heredi,
1901 1592 1970 1652 et
2001 1586 2097 1650 sic
2130 1588 2384 1651 demum
2417 1586 2690 1652 inantea

292 1691 671 1757 senioribus
718 1690 1043 1758 fratribus
1092 1711 1171 1758 ao
1218 1692 1553 1758 seniorum
1585 1690 1874 1756 fratrum
1910 1690 2281 1755 senioribus
2316 1688 2693 1771 heredibuS,

291 1796 357 1860 in
388 1796 575 1862 linea
604 1814 805 1862 sexus
840 1796 1185 1863 masculini
1214 1796 1652 1878 procedeudO,
1709 1795 2021 1862 continuo
2065 1799 2411 1876 praestare
2443 1798 2515 1860 et
2547 1810 2690 1859 cor·

294 1899 626 1982 poraliter
667 1897 891 1966 iacere
941 1900 1283 1982 perpetuis
1330 1899 1740 1981 temporibus
1787 1899 2110 1966 affuturis

509 2003 971 2071 Praesentium
1009 2056 1021 2069 .
1055 2057 1067 2068 .
1105 2056 1117 2069 .

510 2126 756 2191 Datum
826 2124 1305 2192 Wratislaviae
1374 2144 1430 2190 a.
1501 2125 1563 2190 D
1657 2129 1842 2205 1351,
1912 2122 1981 2187 in
2049 2122 2346 2186 crastino
2416 2121 2688 2188 circum-

295 2230 574 2296 cisionis
621 2230 936 2316 ejusdem.

506 2349 727 2438 (Arc-h.
794 2349 859 2420 S.
938 2351 1141 2418 Wenc.
1203 2387 1291 2400 -—
1360 2351 1648 2414 Litterae
1723 2350 1976 2412 eaedem
2050 2357 2533 2432 transsumptao
2607 2348 2686 2412 ab

293 2455 945 2523 administratoribus
1014 2457 1616 2539 archiepiscopatus
1678 2455 2029 2540 Praqensis
2077 2457 2274 2539 jussu
2332 2461 2394 2519 ot
2437 2455 2686 2517 nomine

278 2564 537 2649 judicii
580 2571 791 2626 terrae
838 2564 1020 2647 regni
1068 2562 1365 2626 Boemiae
1414 2586 1471 2628 α.
1516 2562 1705 2646 1546,
1755 2562 1854 2628 19.
1902 2560 2098 2626 Mart.
2145 2558 2242 2626 lb.
2289 2596 2377 2607 —
2409 2558 2688 2623 Goldast

292 2666 540 2753 Suppl.
570 2664 927 2749 XXXVII.)

506 2842 658 2909 310.
706 2840 758 2911 J
758 2858 1039 2910 oannes
1086 2837 1425 2908 marchio
1470 2836 1860 2908 Moraviae
1906 2840 2231 2906 renovat
2276 2836 2678 2907 enuntiati-

294 2964 519 3015 onem
564 2963 775 3014 suam
824 2944 918 3013 de
963 2942 1529 3012 marchionatus
1576 2941 1962 3010 Moraviae
2010 2940 2520 3011 devolutione.

943 3066 1138 3149 1351,
1183 3068 1293 3134 12.
1340 3062 1601 3134 Martii
1667 3063 2050 3149 (Pragae.)

509 3188 635 3242 List
668 3187 829 3255 Jana,
870 3185 1148 3240 markrabi
1204 3186 1579 3252 moravskeho‚
1638 3184 1780 3238 kdez'·
1838 3198 1898 3238 se
1939 3186 1973 3236 k
2011 3185 2124 3236 tEm
2179 3185 2371 3237 vecem
2410 3182 2696 3250 primave„

286 3277 383 3346 jez
442 3274 675 3344 (ciesaf)
728 3272 899 3327 Kar-el
937 3289 972 3328 v
1009 3273 1159 3326 svem
1198 3272 1335 3325 listu
1372 3270 1640 3339 vypisuje,
1683 3287 1716 3323 a
1751 3270 1922 3323 nadto
1967 3269 2238 3337 priznava
2275 3283 2334 3322 se
2373 3284 2440 3323 za
2465 3284 2524 3323 se
2563 3270 2579 3324 i
2626 3286 2693 3325 za

295 3365 393 3417 sve
432 3362 625 3417 dedice
663 3360 882 3429 buddei,
920 3360 1067 3428 kdyz
1106 3359 1176 3425 by
1206 3359 1327 3428 jich
1366 3359 1523 3413 Buoh
1577 3358 1885 3412 neuchoval
1931 3357 2031 3411 bez
2077 3354 2347 3410 dedicuov
2386 3358 2688 3411 muaakeho

295 3450 543 3520 pohlavi,
580 3454 644 3503 ze
682 3454 741 3503 to
778 3446 1188 3503 markrabstvie
1226 3451 1314 3501 ma
1350 3446 1614 3515 spadmiti
1640 3447 1866 3513 pravym
1899 3448 2124 3512 pravem
2159 3460 2232 3499 na
2249 3445 2409 3501 krale
2435 3444 2689 3499 coskeho.

512 3537 557 3593 O
596 3538 741 3591 temz
780 3536 945 3589 tehoz
980 3536 1127 3589 Jana
1164 3534 1439 3589 markrabi
1474 3533 1575 3587 list
1612 3531 1946 3601 podobnymi
1983 3534 2138 3601 slovy
2174 3532 2448 3601 prvnimu.

513 3640 893 3729 (Contewtaa
957 3643 1301 3705 concordat
1348 3662 1487 3703 cum
1536 3638 1774 3703 litteris
1825 3661 1883 3704 α.
1931 3638 2124 3718 1349,
2168 3640 2268 3702 26.
2320 3637 2692 3702 Decembris

296 3786 383 3798 -—
430 3747 579 3811 vide
624 3769 685 3815 n.
729 3748 874 3813 297.
925 3782 1003 3793 —
1053 3745 1251 3811 datie.
1298 3780 1385 3795 -··
1428 3744 1521 3813 A.
1570 3742 1664 3811 K.
1713 3779 1798 3793 --
1845 3740 2105 3804 Brandl
2163 3742 2331 3803 VIII.
2390 3743 2512 3823 74.)

516 3924 667 3990 311.
716 3919 973 3990 Castri
1018 3918 1449 3989 Hassistein
1495 3915 1940 3987 infeudatio.

953 4043 1147 4125 1351,
1195 4043 1302 4109 24.
1352 4038 1633 4110 Martii.
1683 4038 2067 4125 (Pi-agae.)

514 4164 651 4218 Karl
687 4162 783 4217 IV.
823 4162 1067 4216 verleiht
1104 4162 1209 4215 den
1249 4161 1413 4217 edlen
1450 4160 1708 4216 Fridrich
1747 4160 1858 4214 und
1890 4158 2179 4212 Bernhard
2205 4172 2312 4210 von
2339 4157 2701 4225 Schoenburg

304 4252 395 4307 die
436 4260 595 4308 veste
633 4250 1004 4306 Hassenstein
1043 4264 1113 4303 zu
1149 4249 1315 4304 leben
1350 4248 1450 4303 auf
1484 4248 1664 4317 ewige
1703 4247 1907 4301 zeiten.

519 4356 744 4442 (Aren.
786 4356 855 4427 s,
910 4354 1147 4440 Wenc.)
