3288 4973
1473 367 1858 428 —424—

681 571 983 654 Insuper,
1029 573 1338 656 quamdiu
1382 572 1764 638 effectorum
1821 575 2308 655 praedictorum
2357 578 2684 646 adversus
2744 578 2864 643 ini·

401 662 407 668 ⁵
472 676 676 743 micos
724 689 989 744 nostros
1037 678 1332 744 assecuti
1364 695 1493 744 non
1526 677 1864 754 fuerimus,
1896 678 2024 742 sibi
2055 697 2186 743 non
2225 680 2598 746 tenebimur
2625 681 2864 748 suffra-

473 781 653 866 gari,
698 783 823 848 hoc
870 789 1091 849 tamen
1136 782 1419 864 adJecto‚
1465 785 1638 862 quod
1686 783 1752 848 in
1799 783 1924 848 hoc
1969 783 2184 848 medio
2231 783 2369 849 suis
2416 785 2701 852 inimicis
2741 805 2865 868 per

469 904 590 951 nos
638 887 743 952 vel
792 893 1055 953 nostros
1106 905 1235 952 non
1284 885 1786 968 cooperabimur
1831 887 1936 953 vel
1984 888 2376 953 assistemus
2423 907 2640 970 opere,
2703 908 2860 956 0011-

469 989 616 1055 31110
662 993 773 1057 vel
816 991 1066 1072 favore,
1110 1001 1181 1058 et
1242 991 1664 1073 supradictos
1723 991 2042 1074 galeatos,
2103 1009 2266 1072 quos
2328 993 2398 1057 in
2457 993 2855 1074 adjutorium

468 1096 658 1160 nobis
700 1097 1057 1163 destinare
1104 1103 1391 1180 tenetur,
1456 1097 1823 1177 sumptibus
1878 1101 1950 1160 et
2009 1096 2322 1178 expensis
2383 1116 2462 1162 00
2522 1097 2856 1164 refusione

468 1201 852 1266 damnorum
884 1202 1029 1266 sine
1064 1203 1209 1267 dolo
1234 1201 1571 1282 respicere
1607 1199 1958 1282 promittit,
1990 1201 2302 1280 quamdiu
2332 1207 2526 1267 extra
2558 1213 2856 1268 nostrum

468 1304 821 1370 dominium
870 1305 1121 1371 fuerint
1166 1305 1540 1373 constituti.

672 1409 875 1490 sique
942 1411 1264 1476 limitibus
1333 1413 1521 1492 regni
1592 1410 1925 1488 Poloniae‚
1985 1409 2302 1494 suffragio
2365 1429 2482 1476 suo
2544 1412 2858 1494 obtentiS,

464 1513 671 1592 aliqui
716 1525 1152 1597 occupatores
1198 1519 1279 1582 de
1327 1517 1517 1582 bonis
1580 1523 1648 1581 et
1703 1514 2010 1581 dominiis
2071 1516 2156 1579 ad
2217 1533 2494 1593 regnum
2557 1527 2856 1581 nostrum

465 1617 785 1685 Poloniae
842 1638 972 1684 non
1032 1621 1545 1703 pertinentibus,
1608 1620 2036 1688 exterminati
2097 1618 2206 1686 vel
2269 1619 2529 1701 expulsi
2587 1619 2858 1702 fuerint,

462 1721 903 1790 medietatem·
960 1727 1275 1790 bonorum
1346 1737 1415 1790 et
1468 1726 1901 1792 dominiorum
1963 1724 2336 1807 hujusmodi
2399 1724 2728 1805 praedicti
2795 1727 2852 1788 d.

460 1825 895 1906 Imperatoris
942 1835 1011 1894 et
1058 1831 1233 1911 regis
1297 1833 1624 1914 Boemiae,
1687 1831 2022 1896 residuam
2091 1847 2246 1895 vero
2307 1830 2558 1894 nostris
2619 1829 2851 1894 usibus

463 1932 877 1998 decernimus
922 1934 1401 2016 applicandam.

668 2035 758 2101 Et
806 2040 1022 2103 omnia
1071 2047 1138 2104 et
1184 2039 1465 2122 singula,
1510 2057 1678 2119 quae
1726 2041 1795 2104 111
1853 2040 2228 2121 hujusmodi
2280 2038 2530 2104 nostris
2593 2037 2845 2103 litteris

456 2145 773 2206 contenta
818 2151 1203 2224 noscuntur,
1249 2147 1332 2210 de
1378 2147 1585 2210 verbo
1634 2145 1718 2208 ad
1765 2147 2056 2224 verbum,
2105 2145 2281 2209 sicut
2326 2142 2571 2208 ibidem
2628 2145 2848 2222 expri-

458 2255 743 2326 muntur,
797 2249 880 2312 ad
951 2247 1211 2313 literam
1281 2249 1764 2315 inviolabiliter
1831 2252 2194 2314 observate
2262 2245 2708 2329 promittimus
2775 2257 2847 2311 et

454 2354 775 2420 tenemur.
821 2353 939 2417 sub
989 2352 1289 2420 omnibus
1337 2353 1544 2418 modis
1592 2360 1662 2417 et
1708 2352 2220 2434 conditionibus,
2251 2359 2450 2433 prout
2491 2351 2560 2414 111
2593 2351 2840 2416 eisdem

457 2451 703 2519 litteris
724 2457 847 2521 sub
870 2458 1045 2538 dat0,
1070 2456 1208 2524 loco
1233 2464 1304 2523 et
1328 2464 1457 2524 tem
1468 2477 1625 2539 pore
1653 2456 2041 2538 praelibatis
2063 2457 2404 2523 invenitur
2423 2472 2808 2537 expressum
2829 2479 2845 2533 ς

460 2576 537 2623 eo
602 2561 929 2626 duntaxat
976 2570 1273 2644 except0,
1336 2565 1511 2643 quod
1569 2566 1650 2628 de
1716 2562 2011 2642 pecuniis
2073 2563 2393 2643 omnibus,
2455 2564 2538 2629 de
2601 2561 2842 2641 quibus

460 2666 729 2729 eaedem
776 2666 1015 2731 literae
1061 2668 1459 2733 mentionem
1508 2668 1942 2749 constituunt,
1987 2666 2204 2732 dictus
2254 2669 2311 2730 d.
2357 2666 2730 2749 Imperator
2771 2674 2840 2731 et

453 2769 526 2834 B.
572 2788 689 2833 rex
737 2790 815 2835 ac
862 2772 1286 2851 fidejussores
1334 2780 1405 2838 et
1451 2773 2034 2853 compromissores
2080 2772 2180 2837 sui
2229 2770 2424 2847 liberi
2471 2772 2607 2838 sint
2671 2776 2837 2835 tota·

450 2873 609 2938 liter
656 2887 726 2940 et
776 2878 1037 2955 penitus
1083 2877 1395 2959 absoluti,
1441 2877 1617 2941 sicut
1665 2877 2129 2941 serenissimus
2165 2876 2493 2956 princeps,
2527 2878 2587 2941 d.
2622 2876 2836 2941 Ludo-

449 2980 639 3043 vicus
686 2998 805 3045 rex
850 2980 1254 3063 Hungariae,
1318 2980 1533 3046 frater
1593 2987 1824 3046 noster
1882 2980 2286 3062 carissimuS,
2345 2980 2716 3061 praefatum
2777 2982 2834 3045 d.

452 3079 927 3164 Imperatorem
976 3092 1045 3151 et
1092 3104 1314 3167 regem
1364 3088 1434 3152 B.
1484 3089 1565 3152 de
1611 3086 1776 3167 ipsis
1827 3085 2122 3165 pecuniis
2177 3086 2546 3151 autoritate
2612 3103 2836 3165 procu·

451 3188 703 3253 ratoria
750 3190 899 3255 vice
947 3196 1016 3254 et
1064 3190 1326 3256 nomine
1388 3190 1635 3256 nostris
1699 3188 2070 3255 absolvisse
2131 3190 2502 3255 dinoscitur
2546 3195 2617 3254 et
2664 3192 2836 3253 sicut

453 3290 652 3357 etiam
696 3312 818 3357 nos
871 3292 1239 3374 praefatum
1287 3298 1345 3360 d.
1392 3295 1874 3377 Imperatorem
1921 3304 1990 3358 et
2031 3312 2253 3377 regem
2289 3294 2382 3376 B„
2413 3292 2834 3376 fidejussores

448 3401 517 3460 et
564 3399 1144 3478 compromissores
1190 3401 1403 3482 ipsius
1450 3402 1535 3465 ad
1582 3400 1799 3466 instar
1845 3400 2008 3464 dicti
2055 3399 2234 3482 regis
2269 3398 2657 3479 Hungariae
2689 3416 2835 3479 spe·

447 3498 729 3565 cialibus
776 3490 1023 3568 litterjs
1069 3506 1319 3571 nostris
1368 3505 1497 3571 rite
1558 3505 1999 3584 quietavimus
2064 3508 2134 3569 et
2179 3504 2426 3568 liberos
2471 3502 2834 3567 dimisimus

446 3622 527 3669 ac
574 3604 840 3684 penitus
886 3609 1245 3675 absolutos,

656 3708 729 3774 Si
794 3729 950 3777 vero
1014 3712 1215 3797 (quod
1279 3711 1485 3797 absit)
1544 3712 1952 3794 praedictum
2016 3708 2396 3791 suffragium
2458 3710 2652 3775 nobis
2714 3726 2836 3790 per

443 3832 562 3880 nos
608 3818 974 3895 requisitus
1019 3818 1241 3883 facere
1274 3818 1381 3883 vel
1412 3815 1682 3883 mittere
1715 3816 2110 3900 neglexerit,
2142 3835 2222 3882 ex
2256 3825 2416 3880 tunc
2451 3832 2569 3895 pro
2601 3816 2830 3881 eodem

442 3920 774 4003 suffragio,
835 3924 1094 4001 quoties
1171 3923 1560 4005 neglexerit,
1638 3922 1849 4002 ipsum
1929 3928 1996 3985 et
2075 3919 2244 3985 filios
2304 3936 2478 3997 31103,
2544 3916 2603 3983 si
2665 3936 2832 3997 quos

443 4024 759 4091 habuerit
802 4028 1081 4092 Domino
1130 4026 1579 4110 permittente,
1623 4038 1743 4091 aut
1789 4044 1866 4090 eo
1915 4027 2165 4103 absque
2223 4010 2580 4089 heredibus
2643 4024 2832 4089 dece·

444 4132 663 4211 dente,
712 4131 1041 4198 illustrem
1074 4132 1459 4214 principem,
1493 4134 1552 4197 d.
1583 4130 1629 4196 J
1633 4131 1954 4195 ohannem
1988 4128 2430 4193 marchionem
2473 4125 2834 4206 Moraviae,

440 4232 715 4300 fratrem
764 4254 949 4302 suum
996 4238 1428 4319 praedictum,
1489 4236 1556 4301 in
1621 4252 1772 4300 eum
1831 4252 2072 4309 casum,
2133 4233 2242 4297 ubi
2307 4231 2436 4297 sibi
2495 4238 2566 4297 et
2625 4248 2828 4311 regno

439 4341 752 4409 Boemiae
800 4344 1221 4424 successerit,
1268 4340 1654 4407 debebimus
1703 4346 1772 4404 et
1820 4336 2180 4419 poterimus
2227 4352 2617 4401 ammonere.
