3288 4973
1341 333 1733 398 —175—

345 541 512 620 quod
556 558 704 607 cum
748 557 872 606 uos
914 557 1000 606 ex
1030 555 1242 608 novae
1273 540 1663 622 parentelae
1696 545 2049 609 contractu
2078 542 2261 610 inter
2291 544 2729 610 excellentem

339 644 702 728 principem
720 644 1052 712 dominum
1067 641 1390 730 carolum,
1415 643 1656 730 inclyti
1671 645 1995 730 principis
2016 648 2075 712 d.
2092 645 2138 712 J
2144 647 2395 717 oannis,
2421 648 2732 716 Boemiae

339 746 522 835 regis
568 749 1096 834 primogenitum,
1155 749 1606 818 marchionem
1667 750 2031 834 Moraviae,
2090 749 2376 818 heredes
2434 770 2587 820 suos
2646 755 2731 819 ab

339 872 492 938 una,
561 860 634 922 et
696 871 820 922 nos
887 859 1286 936 nostrosque
1348 853 1519 922 filios
1582 860 1778 940 parte
1838 874 1922 924 ex
1980 858 2217 942 altera,
2282 875 2403 941 pro
2471 857 2730 924 domino

341 959 709 1043 Ludovico,
751 964 982 1026 nostro
1027 959 1490 1044 primogenito,
1537 965 1607 1027 et
1653 960 1721 1028 in
1783 961 1928 1046 ejus
1990 979 2274 1043 persona
2332 979 2507 1028 nunc
2566 961 2731 1028 inito
2840 943 2855 966 “

343 1069 409 1130 et
451 1065 734 1148 firmato,
765 1064 1257 1142 ‚exaltationem
1305 1069 1375 1130 et
1421 1069 1844 1148 augmentum
1878 1065 2145 1134 honoris
2180 1065 2387 1149 ipsius
2420 1067 2479 1135 d.
2512 1065 2735 1134 Caroli

343 1169 746 1238 marchionis
790 1172 1239 1252 heredumque
1287 1187 1566 1254 suorum,
1627 1175 1704 1237 ut
1764 1177 2061 1238 nostrum
2120 1173 2523 1240 commodum
2583 1189 2732 1254 pro-

343 1275 560 1357 prium
602 1275 646 1342 i.
691 1293 748 1342 e.
794 1293 832 1342 e
877 1294 1199 1344 converso
1264 1276 1411 1358 ipse
1471 1280 1772 1343 nostrum
1830 1282 1901 1342 et
1963 1276 2279 1342 heredum
2340 1287 2734 1360 nostrorum,

345 1378 656 1446 similiter
722 1384 799 1446 ut
865 1399 1054 1448 suum
1124 1380 1478 1465 proprium,
1544 1380 1783 1448 merito
1853 1385 2253 1464 reputemus,
2321 1380 2479 1462 quia
2544 1381 2733 1448 nobis

345 1483 728 1565 nostrisque
773 1485 1127 1552 heredibus
1174 1487 1350 1551 bona
1393 1492 1465 1552 et
1510 1486 1775 1552 sincera
1812 1486 1941 1554 fide
1974 1485 2297 1568 promisit,
2330 1488 2450 1552 sub
2480 1486 2734 1554 virtute

347 1589 428 1654 ad
476 1593 722 1656 sancta
765 1587 896 1656 Dei
941 1588 1296 1674 evangelia
1340 1607 1462 1671 per
1509 1607 1657 1656 eum
1702 1590 2014 1674 praestiti
2054 1589 2433 1674 jnramenti,
2472 1592 2646 1671 quod
2676 1590 2734 1658 si

348 1694 746 1776 quandoque
789 1693 1208 1777 magnificum
1253 1693 1622 1778 principem
1654 1696 1712 1761 d.
1744 1693 2135 1762 casimirum
2167 1713 2387 1778 regem
2420 1694 2735 1762 Poloniae

348 1801 601 1880 absque
647 1797 1006 1866 heredibus
1052 1798 1364 1865 masculis
1417 1801 1744 1866 decedere
1804 1799 2227 1882 contingeret
2270 1801 2355 1866 ab
2402 1799 2528 1866 hac
2572 1799 2735 1884 vita,

348 1905 518 1984 quod
565 1909 728 1971 tunc
773 1922 893 1986 pro
939 1901 1081 1970 suis
1124 1903 1381 1973 viribus
1428 1903 1727 1970 omnibus
1774 1908 1845 1970 et
1891 1921 2089 1986 posse
2138 1903 2341 1986 nobiS,
2374 1903 2518 1987 regi
2549 1905 2732 1970 Hun-

349 2008 596 2090 gariae,
658 2007 1040 2090 nostrisque
1101 2007 1478 2092 heredibuS,
1545 2027 1731 2075 suum
1808 2007 2150 2078 exhibebit
2222 2014 2293 2074 et
2360 2009 2739 2091 praestabit

347 2112 662 2180 auxilium
708 2118 779 2180 et
814 2113 1148 2198 Juvamen,
1190 2117 1265 2178 ut
1309 2131 1430 2178 nos
1475 2112 1821 2193 nostrique
1869 2114 2153 2180 heredes
2202 2111 2417 2194 ipsum
2460 2131 2737 2197 regnum

349 2218 670 2285 Poloniae
731 2237 814 2284 ex
861 2236 940 2284 eo
985 2216 1176 2285 nobis
1221 2217 1518 2283 debitum
1565 2236 1685 2284 seu
1730 2219 2120 2300 debendum,
2168 2235 2285 2283 suo
2330 2218 2546 2296 adiuti
2590 2220 2738 2285 sub·

349 2321 516 2390 sidio
565 2340 1021 2407 assequamur,
1069 2326 1143 2389 ut
1188 2327 1486 2388 nostram
1532 2321 1851 2389 deveniat
1879 2321 1950 2389 in
1981 2323 2403 2405 potestatem,
2434 2340 2513 2388 ac
2544 2321 2738 2404 pleno

345 2426 478 2511 Juri
529 2432 764 2495 nostro
808 2427 918 2495 vel
962 2427 1281 2495 heredum
1327 2435 1699 2494 nostrorum
1748 2445 2023 2511 regnum
2070 2425 2162 2493 sit
2204 2426 2592 2509 subjectum.

559 2532 653 2599 Et
699 2534 854 2613 quia
901 2531 1102 2601 etiam
1147 2534 1270 2599 sub
1317 2536 1546 2601 eodem
1591 2532 1925 2615 praestito
1960 2531 2341 2615 juramento
2370 2532 2559 2601 nobis
2592 2550 2739 2614 pro-

351 2636 548 2721 misit,
597 2638 771 2718 quod
816 2636 878 2703 si
919 2636 1371 2704 decessionem
1403 2637 1733 2719 praedicti
1765 2638 1823 2703 d.
1856 2636 2163 2703 Casimiri
2194 2640 2443 2717 absque
2476 2638 2742 2721 herede,

350 2746 508 2807 ante
555 2742 1184 2808 consummationem
1229 2740 1635 2808 matrimonii
1676 2738 1857 2808 inter
1888 2742 1946 2806 d.
1978 2740 2405 2825 Ludovicum,
2437 2748 2740 2808 nostrum

351 2844 864 2931 primogenitum
908 2845 1300 2929 praefatum,
1348 2848 1418 2911 et
1461 2844 1979 2927 praecellentem
2026 2845 2352 2929 virginem
2386 2847 2440 2912 d.
2476 2846 2740 2928 Marga-

353 2950 551 3016 ritam
595 2950 797 3018 filiam
843 2968 1031 3017 suam
1076 2951 1160 3017 de
1204 2969 1376 3017 novo
1422 2950 1671 3016 firmati
1714 2948 1859 3015 fieri
1906 2949 2273 3033 contingat,
2334 2968 2465 3019 non
2524 2950 2741 3017 minus

353 3054 440 3121 ad
484 3054 855 3137 praemissa
899 3054 1260 3122 obtinenda
1305 3074 1493 3121 suum
1533 3072 1731 3135 posse
1762 3058 2068 3137 exponet,
2100 3055 2336 3135 quibus
2362 3054 2500 3139 jam
2529 3055 2743 3137 ipsum

351 3159 841 3228 matrimonium
901 3164 1086 3227 esset
1133 3164 1681 3226 consummatum:
1744 3178 1863 3225 nos
1910 3178 1948 3226 e
1993 3177 2315 3227 converso
2374 3180 2494 3243 pro
2553 3159 2745 3227 nobis

352 3264 734 3345 nostrisque
778 3262 934 3331 filiis
981 3268 1052 3329 et
1098 3264 1456 3330 heredibus
1503 3262 1902 3347 memoratiS,
1956 3265 2079 3330 sub
2128 3263 2381 3332 virtute
2444 3282 2565 3345 per
2625 3282 2745 3329 nos

352 3366 483 3435 sibi
527 3368 841 3451 praestiti
877 3368 1258 3452 jnramenti,
1303 3368 1610 3435 similiter
1662 3368 2107 3451 promittimus
2156 3376 2225 3436 et
2286 3369 2554 3436 sincera
2613 3371 2743 3435 fide

353 3474 766 3559 assumimus,
789 3476 962 3556 quod
987 3473 1045 3541 si
1067 3474 1414 3557 praefatus
1441 3476 1500 3540 d.
1531 3474 1911 3556 CasimiruS,
1944 3492 2062 3539 rex
2093 3474 2430 3557 Poloniae,
2460 3474 2743 3540 heredes

355 3584 472 3645 aut
517 3596 944 3647 successores
991 3578 1096 3646 sui
1139 3581 1344 3645 duces
1388 3578 1458 3643 in
1503 3578 1779 3645 Polonia
1838 3576 2232 3662 residentes,
2292 3577 2627 3660 principes
2674 3585 2747 3645 et

353 3683 664 3766 vasalloS,
707 3683 1048 3767 civitates,
1093 3690 1338 3765 castra,
1399 3682 1695 3749 homines
1757 3700 1879 3747 seu
1938 3698 2370 3762 quaecunque
2425 3682 2579 3768 jura
2624 3700 2743 3749 suo

353 3786 644 3871 genitori
687 3794 758 3855 et
801 3788 948 3873 sibi,
993 3806 1074 3855 ac
1118 3788 1371 3871 inclyto
1420 3786 1724 3869 principi,
1770 3787 1829 3852 d.
1874 3786 2124 3852 Joanni
2172 3785 2322 3851 duci
2356 3786 2742 3853 Carinthiae

355 3908 436 3957 ac
477 3890 681 3959 fratri
725 3892 1022 3976 eJusdem
1082 3892 1484 3960 marchionis
1545 3891 1612 3957 in
1658 3891 1803 3972 ipso
1866 3908 2073 3975 regno
2128 3890 2463 3975 Poloniae,
2524 3893 2742 3971 quoad

357 3994 540 4078 ipsos
588 3996 808 4083 duces,
871 3998 1210 4081 principes
1258 4002 1328 4064 et
1371 3996 1665 4065 vasallos
1728 3996 2195 4078 competentia,
2241 3996 2743 4076 quibuscunque

355 4106 760 4169 censeantur
804 4102 1190 4182 nominibus
1239 4102 1368 4169 sibi
1415 4100 1758 4169 vindicare
1804 4106 1875 4167 et
1920 4099 2269 4167 attrahere
2324 4106 2744 4187 conarentur,

357 4202 540 4286 ipsos
604 4204 884 4274 forsitan
945 4209 1148 4275 duces
1207 4213 1277 4274 et
1335 4205 1627 4275 vasallos
1688 4205 1866 4289 regis
1930 4204 2289 4271 Bohemiae
2363 4210 2433 4272 et
2500 4206 2745 4273 domini

359 4310 760 4379 marchionis
829 4331 908 4378 ac
975 4312 1207 4379 fratris
1279 4311 1381 4377 sui
1453 4310 1783 4392 praedicti
1858 4329 1979 4376 seu
2047 4310 2343 4376 homines
2409 4308 2747 4378 hostiliter
