3288 4973
1442 339 1790 402 -35-

399 546 673 626 sugent,
718 541 789 606 ui
835 560 911 609 er
952 543 1037 608 im
1082 543 1207 609 dar
1250 545 1418 609 vber
1461 544 1680 627 geben
1723 546 1860 625 hat,
1922 544 2054 610 vnd
2113 542 2416 629 nemlich,
2471 545 2596 610 daz
2659 546 2804 610 der-

398 645 599 714 selbe
674 647 959 730 hereoge
1032 645 1371 714 fuermunt
1442 648 1579 718 vnd
1652 646 1948 730 gerhabe
2023 647 2168 716 sein
2241 647 2362 732 sol,
2436 651 2520 716 ob
2588 666 2664 715 ez
2727 667 2804 716 ze

396 751 735 818 schulden
803 752 1047 834 chumt,
1114 770 1353 820 vusers
1412 755 1792 836 egenanten
1854 751 2097 818 herren
2159 752 2402 834 chunig
2459 751 2507 818 J
2510 752 2804 820 ohansen

398 855 674 939 chinde,
719 857 827 922 die
872 875 946 922 er
991 856 1221 922 iezunt
1267 856 1389 922 hat
1432 857 1596 921 oder
1640 856 1812 922 nach
1859 855 2193 937 gewinnet
2238 907 2251 920 .
2299 906 2313 920 .
2361 906 2375 922 .

618 959 854 1028 Gebeu
899 961 1067 1027 nach
1124 961 1273 1028 Chr.
1333 961 1587 1042 geburd
1653 966 1838 1044 1328,
1897 978 1986 1025 an
2045 959 2223 1026 Sand
2289 959 2626 1042 Stephans
2687 965 2802 1044 tag

396 1066 529 1132 des
574 1069 923 1148 mai-terer,
966 1064 1068 1132 sls
1116 1065 1261 1132 sein
1306 1065 1593 1131 lichnum
1636 1064 1888 1131 funden
1933 1067 2136 1132 ward.

618 1168 740 1255 (A.
786 1167 883 1237 K.
928 1207 1015 1218 -
1062 1169 1251 1237 Arch.
1302 1193 1350 1236 c.
1398 1191 1453 1250 r.
1498 1167 1628 1236 aul.
1697 1167 1956 1236 Vindob.
2001 1205 2086 1216 -—
2133 1165 2318 1253 Chyt.
2379 1167 2478 1233 VI.
2523 1171 2669 1240 285.
2719 1207 2796 1217 —

392 1270 569 1338 Eme.
616 1272 747 1340 III.
790 1273 1009 1360 1472.)

613 1449 721 1515 79.
769 1445 1071 1516 ottonis
1116 1445 1418 1516 comitis
1464 1445 1791 1534 palatini
1853 1443 2245 1534 fidejussio
2305 1465 2446 1534 pro
2507 1465 2797 1516 summa

392 1547 582 1620 duci
626 1550 1085 1622 Kariathiae
1129 1570 1175 1621 a
1220 1551 1272 1621 J
1274 1569 1514 1621 oaune
1560 1570 1745 1637 rege
1791 1549 2182 1621 solvenda.

1305 1675 1499 1760 1328,
1544 1675 1654 1742 21.
1704 1673 1908 1762 Sept.

616 1795 753 1850 Otto
808 1794 1106 1864 Pfslzgruf
1156 1811 1227 1850 zu
1282 1795 1465 1850 Rhein
1519 1809 1570 1848 u.
1628 1795 1856 1863 Herzog
1909 1794 1968 1848 in
2005 1794 2226 1864 Beiern,
2282 1795 2478 1848 leistet
2545 1791 2792 1849 dieselbe

392 1880 759 1950 Burgsehsft
794 1882 899 1937 wie
938 1881 1132 1938 Uirich
1168 1881 1315 1937 Herr
1350 1897 1420 1935 zu
1458 1881 1656 1936 Haneu
1695 1879 1767 1950 (d.
1806 1881 1841 1934 i.
1882 1880 2154 1962 verbm-gt
2189 1881 2309 1934 sich
2347 1882 2438 1934 fiir
2473 1881 2540 1934 K.
2571 1879 2793 1937 Johann

390 1983 491 2022 um
527 1970 723 2026 40.000
758 1971 914 2025 mark
967 1969 1167 2025 silbers
1221 1969 1437 2038 Preger
1494 1969 1816 2024 Gewichtes
1871 1968 2166 2022 zuhsnden
2221 1969 2320 2022 des
2377 1968 2630 2038 Herzogs
2683 1984 2791 2024 von

390 2054 721 2126 Chomteu).
760 2059 889 2112 Dat.
928 2057 1315 2128 Purghausen‚
1352 2073 1437 2112 am
1484 2057 1534 2114 S.
1578 2057 1902 2112 Matthaeus
1945 2057 2044 2110 des
2081 2055 2418 2111 zwolfboten
2455 2056 2568 2110 und
2608 2073 2790 2112 ewen·

394 2142 651 2212 gelisten
686 2144 814 2214 Τις
852 2147 1003 2200 1328.

608 2231 833 2316 (Arcto.
880 2235 949 2300 S.
1004 2233 1211 2300 Wenc.
1260 2271 1345 2280 —
1394 2232 1553 2298 Emz.
1600 2232 1728 2301 HI.
1774 2234 1996 2318 1494.)

604 2407 713 2474 8⁰.
784 2407 1080 2476 Foedus
1148 2405 1471 2476 Joannis
1542 2407 1758 2495 regis
1821 2425 1990 2476 eum
2051 2405 2400 2493 generali
2461 2405 2788 2474 fratrum

392 2510 665 2580 (lomus
718 2510 1229 2581 Theutonieae
1274 2508 1650 2597 magistro
1690 2513 1957 2581 eontra
1989 2508 2492 2579 wladislaum
2526 2529 2783 2596 regem

393 2612 852 2686 Kraeoviae.

1285 2705 1479 2786 1329,
1526 2704 1633 2770 12.
1682 2702 1901 2772 Mart.

604 2837 669 2888 A.
712 2837 868 2890 1329.
906 2834 1152 2890 Josnues
1190 2848 1287 2887 rex
1325 2838 1557 2887 strenua.
1610 2833 1774 2887 valde
1825 2840 1883 2887 et
1931 2832 2226 2901 magnifica
2274 2839 2467 2887 contra
2515 2832 2785 2887 Lituanos

391 2928 457 2975 et
494 2936 745 2990 paganos
784 2921 841 2975 in
880 2920 1093 2975 bellicis
1112 2920 1331 2976 actibus
1353 2920 1607 2975 exercuit
1626 2935 1814 2987 opera:
1853 2918 1982 2986 Ipse
2007 2920 2077 2973 sd
2105 2918 2428 2973 remotiores
2453 2934 2784 2990 paganorum

394 3008 664 3064 transivit
703 3008 983 3077 terminoS‚
1038 3012 1278 3075 suntque
1315 3006 1391 3061 ibi
1429 3022 1527 3075 per
1565 3007 1742 3075 ipsum
1781 3006 1957 3060 multa
1991 3004 2146 3059 milis
2182 3005 2466 3060 trucidata
2517 3013 2577 3060 et
2627 3007 2784 3061 circi·

390 3105 483 3152 ter
506 3096 619 3151 tris.
640 3094 793 3149 milia
818 3094 1161 3162 gentilitium
1187 3093 1490 3163 baptizate.
1531 3095 1615 3147 Ad
1640 3094 1780 3147 haee
1805 3093 1988 3149 omnia
2013 3094 2218 3148 fratres
2245 3094 2501 3148 cruciferi
2529 3096 2596 3149 (le
2625 3096 2782 3149 domo

392 3183 745 3239 Teuthonies
764 3197 865 3237 sua.
882 3181 1091 3237 auxilia
1108 3181 1487 3249 praebuerunt
1504 3181 1748 3237 fideliter
1769 3188 1828 3235 et
1848 3180 2094 3235 consilis.
2119 3183 2332 3249 (Clu-on.
2355 3182 2530 3240 Aulus
2553 3184 2785 3253 Reqiae.)

598 3270 981 3325 Praecedebat
1015 3268 1209 3325 foedus
1248 3284 1372 3323 eum
1410 3269 1589 3324 fratre
1626 3268 1951 3336 Wernhero,
1991 3270 2258 3338 magistro
2307 3270 2570 3341 generali,
2608 3278 2780 3339 atque

388 3357 659 3413 fratribus
713 3358 904 3411 ‹lomus
952 3356 1351 3425 Theutonieae,
1404 3362 1587 3409 terrae
1634 3355 1907 3410 Pruzziae
1966 3355 2215 3426 dominis,
2265 3372 2410 3411 anno
2459 3358 2776 3427 supradicto

392 3446 449 3499 iu
488 3450 675 3499 castro
713 3443 1023 3499 Torunensi
1059 3442 1279 3513 initum,
1300 3444 1601 3497 secundum
1638 3442 1784 3511 quod
1822 3458 1986 3512 reges
2024 3444 2282 3498 Boeniiae
2319 3444 2472 3514 ipsis,
2510 3446 2780 3513 magistro

396 3538 459 3587 et
492 3532 780 3599 tran-ibus,
818 3532 887 3586 sd
924 3546 1114 3587 eorum
1140 3530 1557 3599 requisitionem
1584 3538 1772 3584 eontra
1801 3546 1992 3599 regem
2018 3530 2346 3600 Kraeoviae,
2371 3533 2560 3601 gentis
2587 3532 2778 3587 Litva-

394 3634 584 3675 uorum
642 3618 935 3687 fautorem,
996 3620 1239 3674 debeant
1293 3622 1413 3673 toto
1468 3633 1629 3686 posse
1689 3618 1788 3674 sub
1845 3617 2106 3687 expensis
2163 3624 2222 3672 et
2277 3620 2488 3673 damnis
2545 3621 2780 3689 propriis

392 3706 678 3775 assistere,
715 3704 959 3761 consiliis
998 3712 1057 3760 et
1094 3704 1315 3760 auxiliis
1352 3705 1694 3774 opportunis,

600 3792 837 3849 Litteris
873 3792 963 3849 die
1000 3796 1048 3847 3.
1086 3794 1217 3862 Apr.
1259 3795 1395 3849 1329
1430 3794 1491 3850 iu
1527 3794 1718 3847 eodem
1757 3798 1940 3848 castro
1995 3794 2142 3847 datis
2189 3793 2435 3848 ,Ioannes
2483 3810 2582 3848 rex
2633 3796 2780 3851 dicto

392 3881 663 3950 magistro
700 3886 761 3936 et
794 3879 1063 3937 fratribus
1100 3886 1281 3936 terres
1318 3881 1752 3950 Dobryuensem‚
1791 3896 1952 3949 quam
1985 3880 2186 3935 dicioni
2220 3896 2318 3937 seu
2342 3882 2620 3950 potestati
2645 3897 2780 3939 suae

387 3967 631 4037 ipsorum
667 3966 945 4038 adjutorio
983 3967 1302 4037 subegerat,
1342 3972 1401 4021 et
1436 3967 1859 4037 Mazoviensem,
1917 3982 2080 4035 quam
2117 3966 2298 4021 adhue
2335 3968 2591 4023 fortassis
2631 3970 2778 4025 subi-

388 4069 522 4123 gere
560 4070 685 4110 eum
722 4054 1031 4123 continget,
1069 4069 1249 4121 aequa
1286 4055 1447 4109 lance
1482 4068 1583 4122 per
1618 4055 1856 4108 medium
1884 4054 2150 4123 dividens,
2177 4054 2533 4110 medietatem
2559 4056 2780 4125 utrique

389 4140 543 4209 ripae
580 4140 700 4196 sive
734 4140 917 4195 littori
950 4140 1105 4196 fluvii
1152 4141 1334 4197 Wizle
1385 4140 1720 4209 contiguam,
1780 4155 1902 4195 eum
1939 4141 2188 4196 omnibus
2228 4141 2471 4211 ipserum
2508 4151 2779 4198 terrarum

392 4228 611 4298 eastris,
646 4227 1045 4283 munitionibus
1083 4234 1190 4284 ete.
1230 4228 1399 4297 dedit,
1439 4226 1678 4283 eontulit
1715 4234 1774 4283 et
1805 4228 2052 4284 donavit.

600 4314 849 4403 (Emlar
896 4316 1018 4385 III.
1065 4317 1255 4395 1533,
1306 4316 1521 4404 1539.)
