3288 4973
1601 352 1988 413 ...340-

598 555 895 621 divorum
982 554 1313 622 Friderici
1390 555 1822 636 Imperatoris
1916 567 1986 620 et
2059 553 2394 622 Friderici
2468 558 2652 641 regis
2745 558 2978 624 Roma-

595 677 827 724 norum
894 663 1219 741 angustae
1266 658 1629 741 potentiae,
1692 659 1760 724 in
1823 659 2062 740 quibus
2121 660 2323 726 iidem
2384 661 2632 728 illustri
2687 662 2990 746 principi,

599 763 858 829 domino
950 761 1279 828 Ottakaro
1356 762 1583 846 primo,
1673 765 2001 843 quondam
2079 764 2391 831 Boemiae
2451 765 2614 848 regi,
2703 771 2779 831 et
2849 767 2988 832 suis

596 867 1121 950 successoribuS,
1175 867 1489 933 Boemiae
1550 867 1838 950 regibus,
1903 866 2184 934 dominis
2243 869 2514 952 nostris,
2574 869 2678 934 ius
2739 877 2815 936 et
2879 889 2990 952 po-

591 976 913 1036 testatem
959 969 1363 1036 investiendi
1426 971 1774 1052 episcopos
1835 971 2026 1053 regni
2084 973 2398 1038 Boemlae
2463 973 2865 1056 praenotati,
2923 981 2994 1038 et

592 1077 963 1140 reverendo
1008 1075 1079 1140 in
1125 1074 1392 1141 Christo
1460 1076 1654 1158 patri,
1721 1077 1984 1143 domino
2045 1083 2116 1142 et
2177 1075 2489 1159 episcopo
2549 1076 2995 1160 olomucensi,

594 1179 706 1259 qui
755 1197 868 1260 pro
914 1183 1212 1258 tempore
1258 1178 1403 1259 fuit,
1450 1180 1722 1260 suisque
1756 1180 2270 1260 successoribus
2312 1180 2636 1264 insignem
2669 1181 2994 1248 circulum

597 1285 857 1348 domino
920 1281 1307 1367 wladislau,
1375 1284 1690 1350 Boemiae
1751 1285 1904 1349 duci
1964 1283 2230 1366 illustri,
2291 1283 2404 1364 qui
2465 1303 2738 1367 regnum
2800 1305 2994 1368 prae-

596 1387 845 1453 dictum
908 1395 1067 1452 ante
1134 1387 1631 1453 coronationem
1701 1406 1888 1454 suam
1952 1390 2250 1471 regebat,
2309 1397 2378 1454 et
2447 1389 2740 1456 eiusdem
2813 1391 2996 1456 Wla-

598 1491 796 1556 dislai
862 1492 1221 1558 heredibus
1284 1498 1353 1556 et
1414 1493 1938 1574 successoribuS,
1999 1493 2282 1558 dominis
2344 1493 2611 1576 nostris„
2669 1493 2742 1558 in
2803 1493 2994 1560 Nati-

598 1597 818 1662 vitate
864 1596 1132 1676 Christi,
1182 1597 1411 1678 Pasce,
1472 1596 1957 1664 Penthecostes
2017 1615 2099 1662 ac
2152 1599 2496 1662 beatorum
2567 1597 2994 1664 Wenczeslai

597 1708 668 1767 et
734 1701 1105 1784 Adalberti‚
1171 1705 1597 1782 patronorum
1659 1701 1990 1784 Boemiae,
2051 1699 2562 1784 festivitatibus,
2627 1704 2710 1767 ad
2775 1703 2998 1769 instar

595 1805 1079 1888 Imperatorum
1126 1811 1197 1871 et
1242 1803 1689 1871 Romanorum
1736 1805 2107 1888 principum
2167 1806 2566 1888 imponendi,
2627 1814 2705 1871 ut
2767 1813 2996 1872 tamen

596 1930 638 1974 a
716 1909 973 1976 nemine
1048 1915 1521 1991 praeterquam
1597 1928 1636 1973 a
1713 1908 2101 1976 reverendis
2177 1910 2247 1976 in
2322 1909 2588 1975 Christo
2665 1911 2996 1992 patribus,

597 2012 877 2080 dominis
938 2012 1262 2094 Pragensi
1308 2012 1416 2077 vel
1464 2012 1888 2080 Olomucensi
1936 2011 2270 2094 episcopis
2317 2019 2438 2079 aut
2485 2032 2709 2079 eorum
2759 2015 2994 2096 alten-0,

598 2119 708 2198 qui
755 2118 907 2183 dum
952 2117 1239 2182 alterum
1282 2119 1521 2183 abesse
1570 2117 2006 2200 contingeret,
2043 2118 2225 2184 vices
2258 2118 2601 2200 suppleret
2633 2122 2995 2200 amborum,

596 2221 847 2303 imponi
904 2223 1199 2303 deberet,
1258 2220 1598 2286 licentiam
1655 2226 1725 2286 et
1767 2221 2160 2286 facultatem
2213 2221 2577 2303 gratiosius
2624 2232 2994 2306 erogat-unt

601 2334 670 2392 et
730 2325 854 2390 hoc
919 2324 1156 2390 edictis
1218 2343 1297 2390 ac
1359 2325 1692 2391 mandatis
1753 2324 2209 2406 imperialibus
2273 2331 2342 2392 et
2400 2327 2604 2407 regiis
2667 2331 2994 2410 perpetuo

601 2435 999 2496 statuerunt.

808 2534 1109 2601 Alterum
1201 2550 1377 2616 vero,
1473 2534 1788 2599 videlicet
1878 2532 2202 2623 illustrem
2296 2534 2680 2619 principem,
2760 2538 2994 2602 ducem

600 2638 915 2719 Opaviae,
978 2639 1258 2705 heredes
1314 2646 1385 2703 et
1432 2656 1856 2703 successores
1928 2637 2154 2721 ipsiuS,
2222 2644 2498 2720 propter
2565 2640 2992 2706 donationem

597 2743 819 2809 clarae
866 2742 1215 2807 memoriae
1264 2741 1544 2807 illustris
1592 2746 1664 2807 et
1709 2741 2101 2807 excellentis
2148 2743 2487 2826 principis,
2519 2743 2769 2809 domini
2801 2743 2993 2811 Otta-

599 2846 747 2911 kari
777 2847 1069 2929 secundi,
1096 2848 1425 2926 quondam
1450 2845 1762 2912 Boemiae
1797 2849 1992 2928 regis,
2034 2862 2228 2927 quam
2259 2848 2441 2929 patri
2475 2847 2768 2913 eiusdem
2805 2848 2993 2915 ducis

596 2950 840 3017 fecisse
886 2951 1273 3032 dinoscitur,
1320 2952 1473 3015 dum
1519 2961 1770 3015 terram
1819 2950 2161 3014 Moraviae
2209 2950 2534 3031 dividens„
2575 2951 2892 3017 ducatum
2927 2956 2996 3016 et

598 3054 1041 3137 principatum
1089 3054 1530 3135 opaviensem
1580 3054 1839 3119 creavit
1885 3072 1968 3118 ex
2019 3072 2208 3135 n0v0,
2267 3056 2610 3134 ipsumque
2657 3055 2994 3121 dominum

600 3161 849 3241 ducem,
896 3176 1087 3239 quem
1135 3161 1217 3225 de
1262 3176 1445 3223 mera
1491 3176 1652 3223 suae
1701 3158 2136 3239 benignitatis
2196 3157 2417 3239 gratia
2477 3158 2869 3226 sublimavit
2929 3160 2994 3225 in

598 3263 981 3345 principem,
1044 3264 1329 3329 heredes
1376 3270 1447 3327 et
1492 3279 1918 3327 successores
1965 3261 2176 3342 ipsius
2221 3280 2504 3327 unacum
2551 3264 2802 3328 ducatu
2851 3264 2992 3329 sive

597 3368 980 3449 principatu
1006 3368 1311 3447 praefato
1339 3366 1487 3447 sibi,
1514 3365 1872 3432 heredibus
1898 3382 1976 3429 ac
2003 3366 2504 3432 successoribus
2530 3364 2688 3433 suis,
2721 3366 2992 3447 regibus

597 3472 929 3555 Boemiae,
997 3471 1275 3538 dominis
1340 3469 1607 3553 nostriS,
1677 3488 1756 3535 ac
1825 3468 2118 3535 eiusdem
2187 3469 2380 3551 regni
2446 3486 2732 3535 coronae
2782 3470 2996 3539 voluit

596 3576 955 3643 inmediate
988 3578 1282 3657 subesse,
1330 3574 1547 3640 dictus
1582 3573 2046 3639 serenissimus
2083 3574 2383 3639 dominus
2415 3578 2486 3639 et
2516 3572 2732 3638 frater
2765 3584 2996 3641 noster

599 3680 803 3746 etiam
850 3679 995 3761 sibi,
1042 3680 1403 3745 heredibus
1454 3686 1523 3744 et
1570 3678 2066 3742 successoribus
2129 3677 2288 3759 suis,
2348 3676 2659 3742 Boemiae
2705 3679 2996 3761 regibus,

600 3782 880 3850 dominis
928 3784 1195 3865 nostris,
1243 3789 1313 3847 et
1344 3782 1641 3847 eiusdem
1674 3780 1865 3863 regni
1898 3799 2182 3847 coronae
2215 3786 2546 3861 tamquam
2580 3798 2721 3846 rem
2755 3800 2994 3864 appro-

600 3888 887 3970 priatam
935 3894 1003 3951 et
1049 3886 1595 3967 inseparabiliter
1640 3886 2148 3966 incorporatam,
2198 3902 2403 3967 regno
2449 3882 2764 3950 Boemiae
2805 3902 2992 3967 prae-

600 3992 742 4057 fato
792 3988 1181 4070 specialiter
1227 3997 1296 4054 et
1344 4007 1425 4053 ex
1473 3989 1734 4054 nomine
1780 3989 2175 4053 reservavit.

812 4130 883 4195 V.
905 4129 998 4195 Et
1017 4131 1099 4194 de
1115 4130 1455 4195 Romanae
1476 4128 1704 4209 regiae
1727 4146 1886 4193 suae
1911 4127 2270 4207 potestatis
2291 4125 2708 4207 plenitudine
2729 4126 2989 4208 statuit,

602 4235 775 4315 quod
826 4251 1049 4299 omnes
1094 4232 1523 4314 supradictae
1557 4230 1937 4297 sententiae
1971 4237 2039 4295 et
2073 4231 2412 4296 clausulae
2443 4229 2896 4312 Imperialium
2923 4240 2990 4295 et

601 4338 924 4421 regalium
958 4337 1353 4417 litterarum,
1380 4353 1548 4416 quae
1574 4355 1613 4400 a
1636 4335 1714 4400 R.
1740 4334 2262 4415 Imperatoribus
2295 4340 2364 4399 et
2394 4333 2683 4416 regibus,
2716 4336 2986 4415 praede-
