3288 4973
1567 337 1956 408 —196--

560 545 648 619 ad
691 565 808 618 nos
857 547 938 632 ab
989 545 1236 618 eisdem
1283 553 1737 634 pervenerunt-
1810 567 1890 616 ac
1952 545 2125 616 sicut,
2184 545 2253 616 in
2316 541 2457 615 suis
2516 540 2823 614 terminis
2880 555 2948 612 et

558 657 842 742 gadibus
891 654 1596 722 circumferencialiter
1643 659 1801 721 suut
1862 654 2189 738 distincti,
2250 654 2511 720 nomine
2572 653 2718 720 veri
2774 651 2949 719 feodi

558 782 598 828 a
644 761 834 829 nobis
884 769 954 824 et
999 761 1248 828 nostris
1295 759 1812 842 successor-ibim,
1862 761 1931 826 B.
1982 760 2254 843 regibus
2301 762 2368 826 in
2416 779 2657 825 aevum
2706 765 2775 824 et.
2806 778 2951 841 per·

560 867 780 950 petuis
829 867 1238 948 temporibus
1301 864 1508 932 libere
1566 865 2019 947 possidendOS,
2084 865 2466 931 vendendos
2530 867 2599 928 et
2660 863 2729 929 in
2792 881 2947 928 usus

555 970 969 1038 necessarios
1016 971 1520 1052 conve1·ten‹loS‚
1575 975 1644 1034 et.
1690 970 1758 1035 in
1806 970 1902 1034 eis
1952 970 2309 1036 aedificare
2356 987 2475 1034 seu
2520 969 2831 1051 frangere
2878 979 2943 1034 et

556 1095 676 1158 per
764 1076 980 1141 omnia
1055 1073 1406 1155 disponere
1486 1079 1821 1154 tamquam
1900 1072 1967 1138 in
2043 1073 2196 1140 aliis
2271 1071 2563 1154 ipsorum
2662 1074 2944 1154 propriis

557 1187 628 1245 et
673 1179 1100 1245 hereditariis
1163 1179 1372 1260 bonis,
1433 1179 1772 1244 debebunt
1818 1183 1887 1243 et
1934 1184 2248 1259 poterunt
2310 1179 2673 1244 secundum
2726 1197 2945 1244 eorum

557 1285 817 1350 libitum
864 1281 1268 1362 voluntatis3
1321 1283 1876 1348 abrenuntiantes
1938 1287 2007 1347 et.
2068 1284 2385 1348 cedentes
2447 1302 2564 1363 pro
2624 1281 2816 1348 nobis
2880 1289 2941 1346 et

557 1387 804 1459 nostris
852 1387 1232 1468 heredibuS,
1280 1387 1453 1454 omni
1501 1387 1649 1469 iuri,
1686 1385 2132 1468 jurisactioni‚
2164 1386 2566 1468 impetitioni
2599 1405 2717 1452 seu
2758 1405 2942 1468 repe-

553 1491 796 1576 titioni,
845 1511 1014 1572 quae
1061 1491 1267 1573 nobis,
1315 1491 1725 1576 suffragante
1774 1493 1913 1556 iure
1964 1509 2376 1573 quocunque,
2422 1493 2489 1556 in
2536 1490 2737 1559 dictis
2786 1490 2943 1556 civi·

553 1603 716 1678 tate,
770 1603 994 1661 castro
1065 1601 1132 1662 et
1199 1595 1340 1662 eius
1411 1597 1725 1661 districtu
1796 1613 1875 1660 ac
1944 1596 2246 1662 omnibus
2310 1615 2533 1663 eorum
2597 1597 2946 1677 appendiis

553 1705 938 1782 competunt.
985 1701 1052 1766 in
1099 1703 1439 1782 praesenti
1489 1700 1596 1765 vel
1643 1705 2020 1780 competere
2082 1706 2398 1783 poterunt
2459 1701 2941 1781 quomodolibet

562 1807 624 1870 in
673 1805 968 1871 futurum

767 1909 844 1976 In
893 1928 1165 1989 quorum
1216 1961 1229 1975 .
1277 1960 1290 1973 .
1335 1961 1348 1976 .

765 2051 1014 2114 Datum
1077 2055 1144 2114 et.
1201 2054 1426 2115 actum
1489 2050 1558 2114 in
1617 2050 1953 2131 Budyssin
2000 2070 2057 2116 a.
2107 2051 2179 2116 l).
2234 2057 2419 2132 1:339,
2484 2017 2781 2133 proxima
2841 2053 2947 2116 die

558 2153 882 2219 dominica
927 2159 1085 2218 ante
1135 2151 1374 2220 festum
1419 2158 1478 2220 b.
1533 2155 1983 2220 Bartholomei
2030 2175 2133 2236 ap.

767 2293 976 2377 (Oa-iq.
1039 2293 1210 2358 arch.
1268 2291 1402 2359 aul.
1481 2293 1738 2359 Vindob.
1784 2331 1871 2342 —-
1918 2292 2137 2378 Ulaytil,
2211 2293 2341 2361 VII.
2402 2295 2549 2360 248.
2598 2333 2686 2342 —-
2731 2295 2947 2358 Emler

565 2395 670 2464 IV.
722 2395 892 2482 731.)

763 2591 907 2656 176.
980 2586 1411 2659 Declaratio
1474 2588 1942 2658 dominorum
2009 2590 2099 2659 (lv
2164 2590 2495 2675 chnicz
2568 2592 2643 2661 in
2712 2612 2941 2663 cansa

556 2691 900 2761 civitatis
947 2697 1022 2761 et
1071 2692 1304 2762 ‹eas-tri
1363 2693 1649 2782 Lubyn.

1370 2816 1561 2899 1339,
1609 2818 1716 2883 24.
1766 2816 2125 2899 Augusti.

765 2954 898 3019 Nos
946 2954 1318 3037 BolezlauS‚
1357 2955 1427 3018 Ι).
1468 2974 1562 3036 gr.
1598 2956 1731 3019 dux
1764 2954 2015 3022 Slesiae
2050 2964 2120 3020 et
2150 2957 2449 3023 dominus
2482 2959 2943 3045 Legnieensis,

554 3076 808 3123 necnon
857 3058 1292 3123 Wenceslaus
1341 3064 1408 3122 et
1462 3058 1853 3141 liudoi‘icuS,
1900 3061 2193 3125 eiusdem
2240 3060 2375 3143 filii,
2408 3063 2939 3141 recognoscimus

551 3162 900 3244 universis,
947 3162 1122 3242 quod
1169 3162 1747 3229 excellentissimis
1794 3164 2203 3246 principibus
2256 3172 2324 3231 et
2378 3166 2655 3233 dominis
2690 3168 2943 3233 nostris

551 3265 928 3349 carissimis,
977 3266 1222 3331 Joanni
1271 3268 1415 3350 regi
1465 3269 1535 3332 B.
1584 3286 1663 3333 ac
1717 3268 1783 3331 11.
1830 3268 2071 3353 comiti,
2120 3277 2190 3334 et
2236 3270 2491 3355 Carolo,
2525 3270 2670 3337 eius
2703 3272 2943 3353 primo-

552 3369 795 3451 genito,
841 3370 1206 3437 marchioni
1253 3372 1615 3455 Moraviae‚
1652 3371 2061 3452 promisimus
2095 3374 2163 3438 iu
2193 3374 2471 3441 solidum
2508 3379 2677 3442 bona
2710 3388 2945 3443 nostra.

552 3476 678 3539 tide
727 3480 796 3539 et
843 3472 982 3540 sine
1047 3475 1212 3555 «1010,
1277 3475 1333 3541 si
1395 3474 1520 3555 ipsi
1581 3496 1620 3541 a.
1684 3476 2065 3543 Nativitate
2110 3479 2167 3542 b.
2216 3478 2472 3545 Mariae
2520 3480 2591 3546 V.
2642 3482 2947 3561 proxima

551 3580 635 3641 ad
683 3580 847 3642 duos
916 3596 1120 3643 annos
1181 3579 1526 3645 continuos
1589 3586 1703 3643 aut
1770 3580 1943 3645 infra
2004 3580 2186 3647 illum
2234 3584 2601 3667 terminum,
2648 3588 2941 3665 quando·

550 3700 808 3761 cunque
885 3682 1238 3765 voluerint,
1316 3691 1598 3763 quatuor
1674 3686 1880 3750 millia
1965 3705 2334 3753 marcarum
2409 3690 2941 3771 quadringentas

549 3806 805 3851 marcas
863 3793 930 3852 et
991 3788 1226 3869 viginti
1290 3790 1577 3868 quinque
1637 3809 1896 3855 marcas
1956 3810 2331 3870 grossorum
2392 3795 2679 3875 polonici
2742 3814 2943 3879 paga-

548 3892 754 3956 menti
801 3890 990 3954 nobis
1046 3892 1353 3956 dederint
1413 3912 1632 3957 coram
1696 3892 2073 3960 consulibus
2134 3895 2683 3983 LegnicensibuS,
2746 3900 2941 3963 simul

549 4002 618 4061 et,
664 3996 862 4059 semel
899 3996 1191 4061 denariis
1234 4016 1376 4062 cum
1412 3997 1685 4078 panum,
1722 3999 1895 4077 quod
1930 4006 2089 4063 tunc
2122 3999 2285 4081 ipsis
2319 4000 2665 4068 civitatem
2699 4004 2943 4087 Lubyn

548 4117 692 4164 cum
743 4108 964 4163 castro
1012 4108 1080 4164 et
1125 4100 1268 4165 eius
1318 4100 1628 4166 districtu
1672 4112 1740 4167 et
1772 4102 2069 4167 omnibus
2104 4123 2327 4169 eorum
2361 4107 2732 4189 appendiis,
2764 4108 2945 4173 sicut

547 4206 630 4267 ad
695 4222 814 4268 nos
877 4206 959 4269 ab
1023 4206 1272 4269 eisdem
1329 4212 1797 4287 pervenerunt,
1860 4206 2003 4272 sine
2066 4210 2594 4277 contradictione
2658 4214 2945 4277 reddere

546 4309 925 4371 debeamus.
984 4308 1052 4371 si
1099 4314 1322 4373 autem
1387 4310 1574 4374 nobis
1637 4310 1813 4375 illam
1870 4313 2215 4393 pecuniam
2278 4312 2345 4379 in
2410 4314 2590 4380 dicto
2656 4318 2943 4383 termino
