3288 4973
464 550 653 616 nobis
698 547 1043 616 tenebitur
1086 549 1476 632 assignare3
1520 548 1621 616 ita
1653 554 1894 632 tamen,
1927 551 2102 628 quod
2135 549 2285 630 ipsa
2316 567 2582 630 semper
2613 548 2854 616 civitas
3196 482 3210 611 Ι

463 653 681 721 Lubin
702 672 847 719 cum
868 657 1091 718 castro
1116 657 1186 718 et
1205 651 1547 720 territorio
1566 671 1688 720 suo
1707 659 1862 734 post
1876 657 2175 719 nostrum
2197 653 2444 719 obitum
2473 655 2558 718 ad
2577 654 2854 718 eundem
3196 644 3208 736 i

465 776 687 841 regem
724 757 796 822 B.
831 762 900 824 et
932 758 1215 823 heredes
1248 774 1404 824 suos
1436 774 1588 822 esse
1612 759 1954 824 debebunt
1977 755 2154 823 illico
2183 762 2254 823 et
2285 756 2494 824 libere
2517 755 2851 822 devoluta.

672 859 933 928 Deinde
998 859 1146 942 ipse
1206 879 1327 928 rex
1388 863 1603 928 denuo
1663 878 1785 943 per
1851 860 2087 947 literas
2157 879 2314 926 suas
2383 865 2455 926 et
2522 865 2855 926 tractatus

466 965 719 1048 pridem
766 967 833 1031 in
888 963 1331 1032 Wratislavia
1392 964 1734 1032 nobiscum
1786 964 2055 1031 habitos
2117 963 2454 1030 ratificare
2513 963 2854 1030 tenebitur

463 1075 736 1152 praeter
778 1070 1021 1151 Lubyn
1068 1072 1139 1135 et
1183 1068 1586 1150 quingentas
1633 1085 1892 1134 marcas
1929 1067 2237 1150 ponderis
2269 1071 2340 1134 et
2370 1067 2628 1134 numeri
2659 1085 2850 1148 prae·

463 1174 808 1257 dictorum,
871 1174 955 1238 de
1003 1172 1241 1253 quibus
1288 1170 1433 1253 ipse
1478 1189 1598 1238 rex
1643 1175 1716 1237 et
1761 1171 2046 1238 heredes
2107 1171 2210 1237 sui
2271 1171 2475 1238 soluti
2535 1174 2732 1237 erunt
2785 1175 2854 1236 et

1469 379 1553 388 —
1604 347 1858 408 124-—

464 1278 675 1360 liberi‚
744 1295 826 1342 ex
891 1293 968 1342 eo
1030 1277 1207 1357 quod
1274 1276 1661 1358 praedictus
1727 1282 1961 1342 noster
2026 1275 2239 1342 frater
2306 1278 2456 1359 dux,
2525 1274 2856 1341 Henricus

463 1381 887 1464 SaganensiS,
918 1385 991 1448 et
1019 1379 1303 1446 heredes
1334 1380 1439 1446 sui
1470 1378 1916 1447 successionis
1949 1381 2018 1446 in
2049 1379 2266 1446 media
2297 1385 2490 1460 parte
2519 1385 2855 1445 terrarum

462 1491 858 1566 nostrarum,
915 1488 1115 1565 prout
1169 1483 1473 1566 superius
1534 1483 1949 1565 exprimitur,
2007 1489 2384 1565 respectum
2437 1481 2849 1550 obtinebunt.

668 1585 1123 1654 Promittimus
1170 1587 1371 1653 etiam
1419 1587 1633 1654 omnia
1683 1593 1755 1654 et
1799 1588 2060 1670 singula
2105 1587 2452 1670 praedicta
2496 1588 2670 1653 bona
2719 1585 2846 1652 fide

466 1693 611 1760 loco
680 1689 992 1773 praestiti
1058 1691 1497 1776 corporaliter
1555 1691 1915 1758 iuramenti
1972 1691 2328 1774 custodire,
2385 1691 2740 1758 attendere
2787 1693 2858 1756 et

457 1795 633 1863 infra
680 1796 836 1863 hinc
882 1800 951 1861 et
996 1794 1240 1862 festum
1284 1795 1471 1863 beati
1514 1796 1792 1864 Martini
1855 1796 2150 1878 proxime
2206 1794 2563 1862 affuturum
2627 1797 2851 1861 obser-

462 1917 623 1968 vare
686 1903 757 1966 et
818 1899 1261 1967 effectualiter
1324 1899 1708 1984 adimplere,
1798 1919 1922 1968 nee
1989 1906 2225 1967 contra
2294 1919 2374 1965 ea
2442 1898 2676 1967 venire
2745 1898 2853 1966 vel

460 2003 682 2070 facere
709 2021 830 2085 per
850 2021 989 2085 noe,
1014 2004 1212 2070 alium
1232 2003 1341 2072 vel
1373 2003 1557 2085 alios,
1590 2003 1860 2088 dejure,
1893 2002 2372 2071 consuetudine
2395 2005 2506 2070 vel
2528 2005 2613 2070 de
2637 2003 2819 2070 facto
2842 2029 2858 2085 ;

461 2106 757 2191 alioquin
781 2107 1130 2189 praefatae
1156 2113 1381 2174 terrae
1412 2113 1688 2175 nostrae
1718 2107 1864 2190 ipso
1893 2107 2075 2175 facto
2105 2109 2190 2175 ad
2223 2107 2472 2174 dictum
2521 2108 2850 2174 dominum

459 2231 682 2294 regem
706 2217 779 2278 et
801 2213 1084 2278 heredes
1110 2230 1265 2278 suos
1288 2213 1625 2280 debebunt
1649 2231 1799 2280 esse
1834 2214 2229 2294 devolutae3
2260 2214 2343 2279 de
2377 2211 2616 2292 quibus
2649 2213 2853 2279 terris

460 2316 712 2384 nostris
757 2316 903 2397 ipse
948 2333 1069 2382 rex
1114 2319 1231 2382 aut
1276 2315 1558 2382 heredes
1606 2317 1709 2382 sui
1755 2334 1831 2383 se
1870 2322 2032 2383 tunc
2063 2315 2513 2383 intromittere
2545 2321 2861 2399 poterunt

462 2424 533 2486 et
556 2422 909 2504 debebunt,
938 2418 1380 2505 recusatione,
1411 2420 1944 2488 contradictione
1978 2427 2049 2489 et
2075 2419 2563 2503 impedimentis
2587 2438 2855 2489 cessan-

462 2526 641 2591 tibus
703 2524 1217 2606 quibuscunque,
1282 2524 1752 2593 renuntiantes
1813 2526 1881 2593 in
1943 2526 2046 2592 his
2110 2526 2410 2592 omnibus
2457 2532 2530 2593 et
2573 2524 2852 2609 singulis

462 2628 867 2711 supradictis
926 2627 1301 2711 exceptioni
1365 2629 1497 2696 doli
1558 2629 1732 2713 mali,
1794 2630 1862 2696 in
1914 2628 2165 2697 factum
2208 2629 2475 2713 actioni,
2531 2628 2851 2696 beneficio

462 2732 909 2801 restitutionis
956 2730 1024 2798 in
1068 2732 1414 2817 integrum,
1460 2732 1939 2817 constitutioni,
1987 2733 2470 2818 consuetudini,
2517 2733 2734 2800 literis
2780 2739 2850 2800 et

463 2836 893 2921 indulgentiis
939 2837 1344 2921 apostolicis
1390 2836 1847 2919 imperialibus
1895 2840 2074 2905 vela
2105 2839 2548 2905 Romanorum
2580 2837 2849 2921 regibus

462 2941 838 3024 impetratis
871 2942 979 3007 vel
1024 2941 1479 3024 impetrandis,
1512 2942 1623 3009 vel
1655 2943 1957 3009 omnibus
1988 2942 2138 3009 aliis
2171 2949 2307 3008 tam
2341 2942 2501 3008 iuris
2536 2943 2856 3021 canonici,

458 3064 649 3126 quam
699 3045 917 3113 civilis
964 3045 1229 3129 auxilio,
1276 3064 1395 3126 per
1442 3047 1615 3125 quod
1654 3046 1844 3112 nobis
1891 3045 2272 3129 suffragium
2314 3066 2356 3112 a
2387 3047 2567 3112 dicto
2601 3048 2662 3113 d.
2695 3065 2856 3129 rege

460 3154 529 3215 et
587 3150 944 3218 heredibus
1000 3150 1139 3217 suis
1186 3148 1666 3232 praeiudicium
1713 3156 1943 3233 posset
1990 3151 2478 3232 quomodolibet
2523 3151 2857 3236 generari.

666 3254 746 3321 In
790 3273 1063 3335 quorum
1110 3260 1236 3321 etc.

666 3376 907 3443 Actum
952 3380 1025 3445 et
1069 3378 1293 3442 datum
1338 3376 1557 3459 Prage
1602 3395 1660 3442 a.
1705 3376 1786 3442 D.
1838 3382 2002 3445 1335
2051 3378 2330 3461 septimo
2363 3380 2470 3445 die
2499 3379 2541 3445 J
2550 3378 2705 3445 unii.

668 3496 1093 3583 (Gre'inhaqen
1152 3496 1205 3563 I.
1262 3497 1411 3581 138,
1474 3518 1556 3561 ea>
1614 3498 1878 3563 archivo
1926 3500 2044 3567 civ.
2115 3498 2459 3568 Vratislav.
2523 3536 2605 3551 —
2667 3496 2852 3587 Chyt.

468 3600 608 3669 VII.
654 3602 755 3670 6⁰1.
804 3636 884 3649 -
934 3598 1094 3667 Eml.
1139 3598 1254 3669 IV.
1302 3601 1479 3689 165.)

666 3793 815 3860 113.
830 3790 1253 3862 Baldninus
1271 3792 1894 3881 archiepiscopus
1915 3793 2400 3867 Trevirensis
2417 3794 2688 3867 literas
2706 3798 2850 3867 Lu-

457 3893 713 3965 dovici
736 3894 946 3965 Rom.
974 3895 1187 3989 regis
1211 3898 1383 3965 1314
1407 3897 1536 3967 IV.
1562 3898 1738 3967 Dec.
1766 3899 1817 3969 J
1819 3898 2049 3972 oanni
2067 3899 2240 3987 regi
2260 3900 2480 3972 datas
2504 3901 2848 3973 vidimat.

1278 4020 1470 4103 1335,
1519 4021 1624 4087 18.
1674 4019 2037 4108 Augusti.

662 4134 787 4189 List
801 4134 1057 4191 Vidimus
1076 4136 1245 4193 arcib.
1266 4136 1559 4207 Balduina‚
1580 4138 1724 4193 kdei
1739 4140 1986 4195 svedomi
2002 4139 2161 4211 dava,
2178 4144 2382 4197 kterak
2397 4144 2620 4200 hudvik
2637 4146 2848 4214 iimsky

454 4222 580 4277 kral
616 4223 886 4293 zavazuie
922 4238 984 4278 se
1019 4222 1237 4292 Janovi,
1275 4223 1422 4280 krssi
1460 4226 1738 4296 ceskemu,
1759 4242 2022 4295 pomocen
2049 4227 2168 4295 byti
2195 4229 2342 4296 proti
2369 4234 2520 4286 vsem
2547 4248 2581 4285 a
2597 4232 2730 4303 Jeho
2757 4234 2846 4303 pii

445 4309 623 4403 ydem,
644 4314 741 4363 coz
776 4310 1074 4380 piedkov6‚
1110 4309 1255 4365 krali
1293 4312 1452 4381 cesti,
1478 4310 1674 4382 amali,
1700 4314 1989 4370 zachovati
2017 4332 2050 4369 a
2075 4313 2395 4371 zuostaviti.
2425 4320 2576 4373 1335.
2615 4320 2708 4390 (Aa
2745 4320 2796 4374 Κ
2824 4323 2845 4390 )
