3288 4973
1554 368 1945 428 -434-

760 575 913 641 409.
987 569 1388 658 Principes
1463 568 1838 639 electores
1912 572 2321 654 testantur,
2392 568 2706 639 Plawen
2775 586 2949 639 esse

554 694 825 764 regum
869 678 949 746 et
992 693 1318 746 coronae
1365 673 1719 745 Boemiae
1763 672 2071 744 feudum
2117 676 2588 761 perpetuum.

1311 789 1507 871 1356,
1568 790 1678 856 12.
1728 786 2192 857 Decembris.

760 902 1126 958 Korferstove
1180 888 1317 955 Rise
1353 899 1601 971 povoluji
1636 915 1672 954 a
1708 902 1994 969 potvrzuji
2037 898 2318 955 manstvie
2365 898 2597 967 Plavna„
2653 898 2761 966 aby
2817 898 2950 966 pani

553 1008 585 1045 z
620 991 839 1045 Plavna
874 988 893 1041 i
923 988 1043 1057 jich
1082 985 1341 1053 panstvie
1380 986 1591 1041 slusela
1628 988 1666 1039 k
1705 988 1949 1040 manstvi
1985 1002 2056 1053 po
2092 986 2267 1040 vecne
2299 989 2434 1053 easy
2457 986 2496 1039 k
2521 987 2736 1040 korune
2763 986 2948 1039 casine.

762 1094 1085 1159 Gerlacus
1132 1092 1209 1157 D.
1258 1112 1354 1175 gr.
1401 1112 1449 1158 s.
1499 1093 1585 1156 M.
1626 1112 1676 1159 s.
1710 1093 2278 1175 archiepiscopus,
2311 1092 2487 1157 sacri
2523 1090 2794 1174 Imperii
2827 1111 2952 1175 per

555 1200 983 1266 Germaniam
1038 1196 1697 1263 archicancellarius,

758 1304 867 1369 Ad
913 1307 1307 1383 perpetuam
1354 1301 1453 1366 rei
1501 1300 1900 1367 memoriam.

759 1406 950 1472 Inter
992 1404 1397 1487 multiplices
1427 1405 1870 1488 imperialium
1903 1404 2426 1472 sollicitudinum
2457 1405 2948 1485 meditationes»,

552 1510 791 1592 quibus
811 1509 1222 1577 serenissimi
1240 1526 1319 1577 ac
1338 1508 1765 1576 invictissimi
1783 1509 2106 1591 principis
2125 1514 2196 1577 et
2213 1510 2476 1592 domini,
2493 1511 2554 1574 d.
2573 1509 2796 1575 Caroli
2807 1492 2951 1591 '1V.‚

554 1618 619 1682 d.
668 1612 709 1679 f.
756 1615 834 1681 cl.
880 1615 1064 1680 Rom.
1110 1613 1269 1695 Imp.
1318 1632 1371 1678 s.
1418 1633 1475 1679 a.
1524 1620 1595 1679 et
1626 1614 1701 1679 B.
1733 1615 1910 1697 regis
1942 1615 2247 1697 illustriS,
2278 1614 2522 1681 domini
2553 1613 2770 1679 nostri
2800 1632 2948 1695 gra-

550 1719 729 1801 tiosi,
771 1736 1134 1800 generosus
1182 1718 1445 1784 animus
1493 1736 1610 1799 pro
1659 1724 1857 1801 grata
1891 1720 2310 1785 subditorum
2341 1720 2568 1799 quiete
2599 1717 2758 1783 hinc
2790 1718 2948 1784 inde

552 1822 971 1904 distrahitur,
1017 1824 1103 1889 ad
1149 1824 1603 1889 desideratam
1636 1841 1868 1903 pacem
1903 1827 1973 1889 et
2003 1822 2168 1890 felix
2197 1829 2624 1907 augmentum
2658 1821 2951 1905 insignis

550 1928 743 2011 regni
766 1926 873 1991 sui
898 1927 971 1993 B.
998 1927 1219 1993 oculos
1244 1926 1748 1993 deliberationis
1775 1944 1955 2009 suae,
1987 1927 2164 1993 sicut
2193 1928 2466 2010 dignum
2497 1931 2624 2009 est,
2656 1927 2948 2007 quadam

550 2030 975 2113 specialitate
1022 2033 1380 2115 conversit,
1426 2036 1756 2112 tantoque
1803 2082 1817 2099 .
1864 2082 1878 2098 .
1924 2082 1940 2101 .
1983 2031 2346 2118 (contextus
2393 2036 2467 2093 ut
2508 2030 2579 2091 in
2609 2032 2949 2115 prooemio

552 2132 765 2197 hallae
812 2154 1049 2198 aureae
1094 2134 1239 2199 ddo.
1287 2136 1347 2201 5.
1396 2132 1564 2218 Apr.
1608 2135 1800 2219 1355,
1847 2158 1906 2201 η.
1956 2135 2086 2199 365
2109 2156 2266 2219 pay.
2299 2134 2454 2219 393)
2499 2182 2514 2200 .
2548 2186 2561 2199 .
2594 2184 2608 2200 .
2642 2134 2948 2216 gratiosi.

758 2238 955 2317 Sane,
1004 2239 1183 2305 sicut
1243 2239 1575 2306 notorium
1636 2258 1787 2307 esse
1849 2238 2284 2324 dignoscitur,
2347 2238 2638 2319 qualiter
2699 2240 2948 2305 nobilis

550 2344 674 2426 vir,
697 2345 1026 2424 quondam
1050 2344 1388 2409 Henricus
1421 2343 1643 2411 senior
1668 2346 1751 2410 de
1775 2344 2067 2427 Plawen,
2093 2344 2624 2427 oppidumsuum
2651 2342 2950 2426 Plawen,

550 2452 677 2515 etc.
724 2446 1079 2533 (expositio
1126 2450 1460 2528 historica,
1509 2446 1611 2534 Cf.
1655 2472 1717 2516 n.
1764 2450 1872 2526 66,
1918 2450 2022 2527 67,
2069 2450 2174 2531 68,
2220 2448 2398 2531 295.)

756 2552 1165 2620 Desiderans
1217 2553 1375 2637 ergo
1422 2571 1824 2637 magnopere
1871 2553 2042 2619 idem
2105 2551 2576 2619 serenissimus
2637 2549 2945 2617 dominus

547 2659 797 2738 noster,
844 2658 902 2721 d.
948 2656 1129 2737 Imp„
1177 2662 1252 2719 ut
1298 2655 1629 2738 praedicti
1674 2656 1864 2738 regni
1908 2656 2011 2723 sui
2057 2657 2131 2722 B.
2165 2658 2416 2726 diutius
2449 2659 2685 2736 optata
2717 2655 2949 2721 multi-

545 2759 815 2840 pliciter
858 2759 1148 2825 felicitas
1195 2777 1278 2825 ex
1323 2759 1751 2826 ubertatibus
1797 2766 1869 2826 et
1917 2761 2270 2826 commodis
2318 2758 2716 2828 vasallorum
2750 2760 2946 2825 nobi-

545 2863 707 2928 lium
780 2869 1130 2945 augmento
1205 2862 1385 2930 felici
1462 2865 1787 2946 proficiat,
1879 2868 1963 2931 ad
2053 2866 2177 2931 hoc
2269 2864 2628 2946 praecipue
2725 2864 2948 2930 aciem

542 2967 780 3033 mentis
829 2985 990 3033 suae
1053 2975 1474 3051 convertenS,
1536 2969 1826 3049 qualiter
1886 2969 2388 3050 infrascriptum
2448 2966 2738 3050 feudum,
2807 2969 2944 3034 vid.

540 3071 852 3153 oppidum
876 3071 1149 3140 Plawen
1174 3091 1317 3138 cum
1343 3073 1625 3155 oppidiS,
1649 3073 1849 3156 villis,
1875 3075 2082 3154 boniS,
2108 3073 2492 3154 territoriiS,
2509 3071 2942 3137 districtibus

543 3180 615 3240 et
657 3173 809 3240 aliis
855 3176 1157 3242 omnibus
1218 3183 1292 3242 et
1339 3177 1624 3260 singulis
1688 3177 1995 3258 superius
2057 3177 2492 3258 expressatis,
2553 3192 2725 3255 quae
2787 3194 2942 3241 cum

544 3281 774 3344 eodem
837 3299 1044 3362 regno
1106 3299 1227 3348 suo
1290 3280 1669 3347 immediate
1732 3283 2085 3362 confluant,
2153 3300 2274 3363 pro
2334 3279 2944 3346 illustrissimorum

540 3383 933 3466 principum,
980 3385 1389 3452 dominorum
1433 3386 1620 3468 regni
1674 3387 1746 3452 B.
1793 3392 1862 3452 et
1898 3387 2195 3469 ejusdem
2226 3385 2416 3468 regni
2447 3401 2734 3451 coronae
2767 3403 2944 3450 com·

541 3487 751 3553 modis
800 3493 869 3552 et
916 3489 1345 3571 profectibuS,
1393 3492 1481 3554 ad
1521 3492 1837 3556 honorem
1885 3509 1934 3554 S.
1979 3489 2162 3556 Rom‘.
2209 3489 2504 3573 Imperii,
2546 3507 2678 3554 non
2727 3489 2944 3554 solum

542 3591 920 3674 expediant,
965 3593 1093 3659 imo
1140 3594 1565 3660 necessariae
1611 3595 1974 3662 videantur
2020 3643 2034 3659 .
2080 3644 2095 3659 .
2141 3645 2154 3662 .
2217 3593 2542 3679 (sequitur
2599 3601 2946 3654 contextas

538 3693 781 3756 simzlis
826 3699 940 3778 qui
984 3703 1077 3759 cst
1122 3698 1192 3758 in
1226 3695 1403 3759 bulla
1434 3719 1639 3760 aurea
1671 3699 1818 3764 cido.
1849 3699 2044 3780 1355,
2077 3699 2136 3762 5.
2170 3697 2338 3781 Apr.
2371 3733 2460 3746 —-
2503 3695 2657 3759 Vide
2686 3716 2752 3760 π.
2788 3696 2945 3774 365,

538 3820 687 3883 pay.
736 3799 912 3884 394.)
959 3850 973 3866 .
1022 3852 1036 3865 .
1083 3852 1097 3868 .
1144 3807 1537 3884 augeantur,

746 3903 961 3970 animo
1005 3906 1397 3985 deliberat0‚
1444 3907 1753 3988 diligenti
1799 3906 2226 3972 nihilominus
2273 3911 2346 3970 et
2391 3907 2652 3970 maturo
2698 3908 2940 3968 nostro

540 4011 611 4071 et
654 4006 933 4073 aliorum
992 4009 1361 4090 principum
1423 4016 1492 4075 et
1555 4011 1884 4094 comitum,
1945 4028 2294 4091 procerum
2354 4014 2425 4074 et
2483 4009 2808 4073 baronum
2873 4012 2946 4074 et

534 4109 845 4177 fidelium'
872 4111 1052 4177 sacri
1098 4112 1371 4193 Imperii
1418 4119 1486 4178 et
1534 4133 1800 4180 suorum
1847 4115 2214 4180 accedente
2259 4109 2554 4189 consiliu,
2613 4111 2694 4175 de
2739 4115 2942 4176 certa

536 4214 839 4296 scientia,
896 4205 1126 4282 'habito
1184 4224 1499 4298 respectu
1563 4219 1648 4282 ad
1715 4235 1954 4283 causas
2017 4217 2367 4282 evidentes
2432 4212 2738 4295 superius
2795 4211 2940 4296 jam

539 4335 895 4400 expressas
942 4325 1013 4385 et
1058 4322 1141 4385 ad
1190 4320 1324 4386 alia
1364 4324 1551 4404 justa
1598 4322 1868 4403 motiva,
1914 4339 2084 4402 quae
2124 4319 2532 4402 imperialem
2565 4317 2708 4400 ejus
2739 4317 2948 4382 celsi-
