3288 4973
528 580 939 658 sentaneum‚
970 576 1361 658 legibusque
1390 584 1816 657 prospectum
1847 576 2216 643 mundanis.
2245 594 2328 641 ea
2349 584 2546 657 prout
2573 578 2918 663 geruntur,

528 680 794 762 singula
866 680 1243 761 scripturae
1314 680 1720 746 fulcimentis
1799 680 2234 762 singulariter
2291 680 2726 761 perbennari:
2781 696 2902 742 nos

526 784 873 851 Johannes
925 786 1007 851 D.
1066 804 1167 869 gr.
1226 785 1301 851 B.
1358 803 1499 867 rex,
1558 784 1633 849 L.
1692 803 1932 867 comes,
1991 784 2346 866 cupientes
2411 802 2542 849 non
2611 782 2916 864 ignorare

523 889 595 952 in
644 890 1169 970 praesentiarum
1226 891 1656 971 superstites,
1697 890 1974 956 inantea
2017 888 2264 954 futuris
2303 888 2582 953 notitiae
2617 884 2922 969 patefieri

528 994 997 1073 praesentibus
1044 994 1478 1077 declaramus
1522 996 1698 1075 quod
1745 994 2100 1060 constituti
2147 992 2218 1059 in
2261 992 2650 1073 praesentia
2679 996 2916 1056 nostra

530 1096 829 1163 illustres
900 1098 1239 1180 principes
1312 1098 1549 1181 nostri,
1623 1098 1870 1164 domini
1943 1098 2356 1163 wladislaus
2422 1095 2924 1177 Bithumiensis,

530 1200 909 1267 Kazimims
1005 1202 1447 1285 Tessinensis,
1548 1202 1900 1269 Boleslaus
1991 1200 2618 1285 Valgenbergensis
2707 1200 2920 1267 Bolko

530 1304 933 1388 Opuliensis‚
1026 1306 1349 1373 Albertus
1437 1307 1908 1373 Streliczensis
1997 1315 2068 1371 et
2155 1306 2502 1371 Jobannes
2587 1304 2922 1371 Osweczi-

530 1410 775 1491 nensis,
819 1411 1023 1475 duces
1068 1417 1141 1476 et
1200 1411 1439 1476 vasalli
1498 1412 1714 1477 nostri
1762 1410 2012 1493 dilecti,
2065 1410 2521 1491 quaestionem
2565 1410 2924 1475 movebant

530 1514 777 1581 illustri
822 1516 883 1580 N
888 1515 1121 1599 icolao,
1168 1516 1511 1599 Oppaviae
1554 1523 1627 1582 et
1670 1516 2110 1582 Bathiboriae
2155 1515 2326 1598 duci,
2371 1513 2656 1597 principi
2685 1518 2922 1578 nostro

529 1627 603 1684 et
670 1618 927 1685 vasallo
990 1619 1189 1701 fideli,
1254 1639 1461 1702 super
1524 1621 1674 1701 ipso
1741 1623 1988 1687 ducatu
2053 1618 2576 1701 Rathiboriensi¹
2641 1619 2726 1682 de
2793 1636 2924 1697 quo

526 1724 743 1804 ipsum
790 1730 943 1805 post
986 1726 1333 1790 decessum
1378 1723 1595 1790 felicis
1640 1723 2130 1789 recordationis
2181 1722 2568 1804 Leszkonis,
2630 1720 2918 1787 illustris

532 1828 723 1894 ducis
793 1828 1355 1911 Rathihoriensis,
1426 1828 1930 1903 infeodavimuS.
1999 1834 2382 1894 asserentes
2448 1827 2647 1893 iidem
2692 1827 2926 1912 duceS,

531 1931 781 1997 dictum
828 1934 1137 1999 ducatum
1184 1933 1265 1999 R..
1308 1934 1399 1999 ad
1440 1952 1515 1998 se
1562 1934 1709 2000 iure
1753 1932 2206 1999 hereditariae
2251 1930 2694 1998 successionis
2757 1929 2927 2013 legi-

532 2036 695 2102 time
738 2036 1101 2119 pertinere,
1144 2042 1457 2117 petentes
1500 2055 1648 2102 cnm
1693 2037 2022 2103 instantia
2065 2036 2278 2118 ipsum
2318 2039 2549 2102 ducem
2579 2034 2930 2101 Nicolaum

534 2142 619 2207 de
661 2142 911 2206 ducatu
958 2141 1037 2206 R.
1082 2146 1153 2205 et
1196 2140 1349 2207 aliis
1390 2142 1617 2225 terrm,
1663 2160 1828 2221 quas
1867 2143 2041 2209 idem
2070 2142 2208 2205 dux
2239 2140 2500 2205 Leszko
2531 2141 2932 2221 possederat

534 2248 607 2309 et
658 2250 989 2325 tenuerat,
1052 2262 1175 2325 per
1228 2262 1351 2311 nos
1410 2245 1913 2311 sententialiter
1971 2246 2284 2325 amoveri,
2351 2243 2646 2325 ipsisque
2706 2244 2932 2309 dictas

536 2354 757 2415 terras
826 2346 1115 2415 conferri
1180 2348 1249 2414 in
1315 2348 1603 2432 feudum,
1679 2368 1756 2415 se
1822 2350 2024 2415 etiam
2091 2348 2402 2414 investiri
2470 2347 2932 2429 sollempniter

535 2456 619 2520 de
668 2453 933 2520 eisdem.

742 2558 961 2640 Super
1002 2558 1241 2638 quibus
1286 2559 1722 2640 petitionibus
1767 2560 1943 2625 idem
1986 2561 2120 2624 dux
2165 2557 2496 2640 Nicolaus,
2535 2559 2650 2638 qni
2681 2557 2930 2624 ibidem

536 2680 857 2744 praesens
904 2667 1071 2745 erat,
1118 2664 1481 2748 respondit,
1542 2663 1776 2748 (quod)
1836 2666 2144 2730 ducatum
2205 2663 2284 2730 R.
2346 2669 2411 2727 et
2473 2663 2642 2728 alias
2701 2666 2931 2728 terras

535 2787 659 2848 per
729 2771 1009 2832 mortem
1080 2767 1269 2834 ducis
1330 2768 1704 2834 Leszkonis
1762 2767 2097 2850 praedicti
2155 2773 2498 2849 vacanteS,
2559 2767 2646 2832 ad
2707 2765 2930 2848 ipsum

536 2889 821 2952 suosque
864 2872 1149 2938 heredes
1195 2872 1493 2956 legitime
1536 2871 1678 2940 fore
1725 2874 2110 2939 devolutum
2139 2877 2212 2938 et
2244 2871 2614 2953 devolutas
2645 2875 2716 2937 et
2747 2874 2930 2951 quod

534 2977 745 3058 ipsum
795 2978 1105 3042 ducatum
1152 2983 1222 3042 et
1268 2976 1439 3044 alias
1490 2984 1734 3058 terraS,
1791 2979 1965 3044 sicut
2027 2977 2458 3058 praedicitur,
2517 2981 2842 3043 vacantes
2889 2995 2934 3040 a

538 3079 729 3145 nobis
774 3085 1092 3160 tanquam
1136 3099 1179 3144 a
1221 3099 1382 3148 vero
1430 3081 1688 3148 domino
1736 3082 1968 3148 talium
2023 3079 2361 3147 feodorum
2423 3080 2599 3144 iuste
2645 3085 2718 3145 et
2761 3079 2932 3162 legi-

536 3184 699 3250 time
744 3184 811 3250 in
856 3183 1120 3250 feodum
1165 3185 1553 3268 recepisset.
1600 3187 1850 3252 Petens
1883 3188 2028 3267 ipse
2064 3187 2198 3252 dux
2227 3185 2541 3251 Nicolaus
2573 3183 2932 3250 terminum

536 3287 699 3354 iuris
744 3290 831 3354 ad
875 3287 1377 3355 deliberandum
1422 3297 1493 3355 et
1554 3292 2085 3372 respondendum
2143 3308 2346 3372 super
2411 3287 2796 3371 praemissis
2864 3293 2938 3353 et

536 3410 762 3458 eorum
808 3393 1105 3472 quolibet
1150 3393 1279 3459 sibi
1324 3412 1445 3475 per
1488 3413 1609 3459 nos
1659 3394 1940 3477 praefigi
1987 3399 2058 3460 et
2103 3393 2456 3476 assignari.

748 3497 895 3582 Qua
942 3498 1266 3578 petitione
1311 3497 1379 3563 in
1426 3497 1878 3578 quaestionem
1919 3500 2225 3580 deducta,
2256 3503 2478 3562 utrum
2507 3495 2929 3562 admittenda

539 3608 741 3685 esset,
814 3620 937 3666 nos
996 3607 1259 3667 matura
1320 3601 1802 3669 deliberatione
1862 3601 2258 3682 praehabita
2324 3605 2394 3666 et
2451 3599 2931 3666 communicato

540 3724 687 3772 ven.
732 3706 1209 3788 episcoporum,
1254 3705 1625 3788 principum
1689 3711 1758 3771 et
1814 3708 2135 3772 baronum
2196 3709 2568 3771 nostrorum
2633 3703 2932 3786 consilio,

537 3811 715 3876 dicto
763 3810 915 3876 duci
960 3809 1233 3876 Nicolao
1265 3811 1616 3876 terminum
1649 3810 1813 3878 iuris
1845 3811 2034 3876 iuxta
2066 3828 2227 3875 suae
2258 3807 2607 3890 petitionis
2647 3807 2928 3874 formam

542 3933 663 3997 per
683 3923 978 3982 nostram
1002 3914 1570 3980 interlocutoriam
1596 3913 2038 3981 indicavimus
2063 3914 2572 3980 concedendum.
2603 3911 2932 3978 Videntes

540 4027 785 4102 autem,
838 4019 1011 4099 quod
1065 4019 1223 4084 talis
1284 4019 1449 4084 iuris
1508 4019 1833 4084 terminus
1893 4019 1963 4084 in
2021 4017 2204 4100 longi
2265 4017 2581 4098 temporis
2641 4015 2934 4096 spatium

540 4125 729 4190 iuxta
776 4124 993 4208 legum
1039 4124 1347 4189 tramites
1392 4124 1607 4204 possit
1669 4123 1971 4205 protrahi
2017 4130 2088 4187 et
2132 4119 2368 4205 differi,
2428 4121 2645 4188 dictas
2699 4125 2932 4202 partes

546 4229 942 4311 induximus
1016 4233 1091 4293 ut
1165 4228 1519 4293 terminum
1576 4229 1663 4293 ad
1725 4229 2211 4310 procedendum
2274 4227 2344 4292 in
2410 4226 2589 4291 dicto
2661 4225 2933 4308 negotio

546 4334 906 4402 crastinam
950 4332 1121 4398 diem
1170 4339 1412 4398 extunc
1454 4331 1816 4398 inmediate
1847 4337 2237 4412 sequentem
2267 4331 2444 4396 ultro
2477 4335 2930 4411 acceptarent.
