3288 4973
1467 361 1854 420 -172—

390 625 394 630 ,
471 569 673 634 etiam
721 585 864 634 cum
911 567 1138 632 eodem
1188 567 1247 630 d.
1293 564 1548 647 Carolo,
1590 563 1991 646 marchione,
2032 581 2154 628 nos
2193 567 2265 628 et
2296 563 2463 628 dicti
2492 563 2614 629 filii
2643 564 2854 630 nostri

469 674 558 738 ad
602 673 773 740 hanc
818 687 1032 737 novae
1080 667 1574 749 compositionis
1619 666 1890 732 formam
1939 671 2010 730 et
2058 664 2373 747 specialis
2408 665 2856 747 proximitatis

473 775 858 846 devenimus
907 773 1231 840 unionem.

682 879 829 966 Qui,
875 879 1054 944 ultra
1102 876 1514 959 praedictam
1559 881 1849 942 mutuam
1912 873 2455 955 compositionem
2502 879 2572 942 et
2614 875 2861 956 prioris

471 983 860 1067 parentelae
935 980 1280 1064 sanguinis
1357 979 1850 1063 connexionem,
1928 979 2054 1045 sibi
2124 978 2516 1060 specialiter
2576 981 2863 1063 astringi

471 1089 838 1171 cupienteS,
885 1106 1006 1152 nos
1060 1092 1128 1152 et
1190 1084 1618 1152 serenissima
1679 1083 2097 1165 principissa,
2157 1083 2423 1149 domina
2482 1083 2859 1168 Elizabeth,

468 1193 702 1274 regina
749 1191 1153 1274 Hungariae,
1200 1208 1472 1256 consors
1518 1194 1751 1254 nostra
1798 1187 2159 1268 carissima,
2208 1189 2331 1252 sub
2378 1189 2633 1255 virtute
2680 1190 2857 1256 iura-

471 1296 675 1362 menti
699 1296 783 1360 ad
809 1301 1047 1361 sancta
1071 1295 1198 1361 Dei
1222 1293 1570 1376 euangelia
1593 1291 1926 1374 praestiti,
1956 1292 2283 1373 virginem
2316 1292 2854 1378 praecellentem,

469 1399 795 1466 dominam
843 1400 1356 1482 Margaretham,
1400 1397 1603 1464 filiam
1650 1395 1895 1463 domini
1928 1396 2166 1480 Caroli,
2202 1397 2605 1464 marchionis
2638 1400 2853 1465 Mora·

467 1503 638 1588 uiae,
684 1503 945 1570 nomine
992 1503 1155 1570 dicti
1202 1501 1444 1569 domini
1489 1499 1835 1584 Ludouici,
1880 1501 2305 1583 primogeniti
2350 1503 2582 1585 nostri,
2625 1521 2705 1568 ac
2735 1523 2855 1585 pro

471 1608 613 1689 ipso
659 1625 918 1674 exnunc
963 1607 1352 1690 recepimus,
1398 1609 1649 1687 absque
1704 1605 1875 1671 omni
1934 1603 2167 1671 fraude
2216 1612 2285 1672 et
2332 1606 2482 1672 dolo
2542 1607 2856 1691 legitime,

466 1714 539 1778 in
586 1731 855 1778 uxorem
902 1712 1116 1781 nostri
1147 1709 1491 1793 Ludovici‚
1525 1709 1943 1793 primogeniti
1974 1710 2207 1793 nostri,
2241 1711 2418 1794 regis
2450 1711 2853 1795 Hungariae.

677 1815 866 1883 Sicut
931 1817 1129 1883 etiam
1187 1835 1324 1900 noS,
1385 1813 1764 1882 Ludouicus
1824 1814 2324 1898 primogenitus,
2385 1818 2854 1899 praesentibus

467 1925 934 2006 protestamur,
974 1923 1143 2002 quod
1177 1939 1436 1988 exnunc
1468 1920 1795 1987 dominam
1828 1919 2351 2004 Margaretham,
2382 1921 2586 1988 filiam
2618 1923 2863 1989 domini

465 2025 704 2108 Caroli,
779 2023 1174 2114 marchionis
1251 2023 1609 2105 Morauiae,
1684 2021 1893 2088 tactis
1958 2026 2409 2090 sacrosanctis
2468 2028 2859 2111 euangeliiS,

467 2128 796 2212 corporali
842 2129 1166 2211 praestito
1215 2129 1602 2204 iuramentO,
1650 2133 1887 2208 sponte
1935 2133 2004 2193 et
2047 2128 2257 2194 libere
2290 2129 2663 2212 recepimus
2696 2132 2857 2216 legi-

467 2235 628 2302 time
674 2234 746 2300 in
790 2251 1080 2316 uxorem,
1127 2235 1671 2314 quemadmodum
1733 2232 1878 2314 ipse
1940 2234 2239 2299 dominus
2302 2234 2570 2318 genitor
2630 2243 2861 2303 noster

468 2343 538 2405 et
583 2339 847 2405 domina
893 2338 1188 2422 genitrix
1233 2343 1466 2402 nostra
1512 2336 1726 2418 ipsam
1771 2342 2003 2403 nostro
2051 2338 2312 2404 nomine
2359 2344 2429 2404 et
2490 2359 2609 2422 pro
2671 2342 2862 2408 nobis

465 2443 535 2510 in
582 2461 854 2510 uxorem
899 2442 1214 2526 legitime,
1259 2440 1629 2508 autoritate
1664 2441 2137 2525 praesentium,
2168 2445 2471 2511 noscitur
2502 2445 2863 2532 recepisse,

466 2550 812 2615 dummodo
860 2546 1120 2613 domina
1167 2547 1348 2613 dicta
1403 2547 1840 2631 Margaretha
1901 2565 2075 2613 nunc
2138 2554 2211 2615 et
2268 2548 2443 2615 infra
2508 2553 2861 2619 terminum

466 2652 917 2720 traductionis
964 2656 1034 2719 et
1081 2651 1462 2722 traditionis
1511 2635 2167 2735 talem‘corporalem
2221 2673 2352 2720 non
2402 2656 2705 2737 patiatur
2752 2658 2863 2723 de·

465 2758 733 2840 fectum,
781 2776 900 2840 pro
947 2774 1074 2837 quo
1121 2774 1252 2822 non
1295 2756 1618 2823 immerito
1652 2776 1692 2822 a
1724 2762 1914 2843 tanto
1949 2758 2249 2841 principe
2281 2765 2509 2842 posset
2556 2760 2861 2828 refutari.

674 2861 884 2946 Quam
916 2881 958 2927 a
987 2860 1158 2928 festo
1190 2863 1252 2926 b.
1285 2860 1632 2927 Michaelis
1668 2862 1848 2927 arch.
1882 2862 2177 2943 proxime
2208 2864 2514 2949 affuturo,
2544 2872 2860 2933 currente

464 2985 638 3033 anno
685 2965 1166 3031 incarnationis
1214 2966 1477 3031 Domini
1527 2970 1695 3032 1338
1742 2965 1811 3030 in
1857 2965 2069 3048 prima
2112 2968 2527 3035 reuolutione
2560 2970 2856 3037 eiusdem

461 3070 641 3154 festi,
688 3090 806 3153 pro
852 3069 1030 3137 dicto
1080 3068 1340 3135 domino
1386 3070 1747 3154 LudouicO,
1793 3070 2231 3155 primogenito
2279 3078 2526 3157 nostro,
2578 3075 2650 3140 in
2695 3074 2855 3141 ciui-

463 3182 610 3243 tate
678 3175 951 3243 Brunna
1018 3176 1263 3242 assumi
1308 3180 1379 3241 et
1425 3175 1652 3260 recipi,
1706 3176 1967 3241 sincere
2013 3180 2085 3241 et
2130 3178 2305 3243 bona
2348 3178 2497 3253 fide,
2558 3179 2857 3260 quolibet

463 3283 610 3349 dolo
661 3288 731 3348 et
775 3280 1010 3347 fraude
1058 3281 1285 3361 procul
1332 3281 1550 3364 motiS,
1598 3282 1954 3347 traducere
2004 3287 2072 3346 et
2117 3282 2387 3347 traduci
2430 3281 2751 3350 faciemus
2784 3288 2854 3351 et

463 3387 984 3469 procurabimuS,
1032 3386 1172 3451 Deo
1221 3388 1413 3453 nobis
1459 3387 1839 3453 comitante.

667 3492 814 3558 Hoc
862 3490 1253 3573 deliberato,
1299 3493 1473 3571 quod
1505 3492 1677 3557 idem
1712 3491 1770 3556 d.
1804 3490 2079 3557 Carolus
2112 3493 2405 3559 marchio
2440 3511 2584 3559 cum
2619 3496 2846 3561 eadem

460 3598 740 3679 domina,
786 3596 1240 3677 Margaretha,
1286 3595 1423 3662 filia
1469 3614 1604 3679 sua,
1670 3596 1812 3662 loco
1862 3595 2245 3664 traditionis
2291 3602 2361 3663 et
2407 3598 2849 3665 traductionis

460 3701 770 3784 eiusdem,
818 3719 937 3783 pro
987 3699 1178 3766 titulo
1227 3700 1403 3767 dotis
1450 3707 1521 3767 et
1567 3700 1869 3767 dotalicii
1930 3703 2155 3769 decem
2218 3702 2423 3769 millia
2482 3721 2848 3770 marcarum

459 3824 838 3891 grossorum
907 3804 1346 3889 Pragensium
1413 3809 1749 3889 bonorum,
1818 3806 2039 3873 LXIV
2114 3826 2384 3892 grossos
2442 3827 2562 3891 pro
2625 3827 2847 3875 marca

459 3911 760 3991 qualibet
825 3912 1285 3994 computando,
1347 3928 1429 3977 ex
1489 3916 1648 3977 tunc
1708 3910 1853 3993 ipso
1913 3912 2173 3977 domino
2232 3911 2549 3996 Ludvi00‚
2610 3915 2845 3995 primo-

459 4014 683 4097 genito
732 4021 982 4097 nostro,
1041 4034 1162 4097 per
1207 4016 1422 4097 ipsum
1480 4017 1715 4099 danda,
1774 4016 2143 4083 autoritate
2189 4016 2533 4083 literarum
2580 4036 2847 4087 suarum

458 4120 829 4203 deputauit,
877 4120 996 4185 tali
1045 4121 1478 4200 expressione
1521 4120 1877 4203 mediante,
1942 4122 2115 4201 quod
2160 4121 2269 4185 die
2329 4122 2717 4191 traditionis
2780 4128 2847 4191 et

459 4224 898 4291 traductionis
969 4224 1175 4305 ipsius
1245 4224 1422 4291 filiae
1491 4243 1655 4291 suae
1726 4244 1846 4293 nos
1920 4234 1989 4292 et
2052 4226 2376 4291 dominum
2425 4225 2849 4309 Ludovicum,

458 4336 759 4396 nostrum
803 4328 1330 4413 primogenitum,
1377 4348 1494 4397 seu
1543 4335 1810 4397 nostros
1858 4330 2154 4413 nunciOS,
2201 4348 2365 4411 quos
2412 4333 2496 4396 ad
2542 4331 2669 4398 hoc
2706 4352 2845 4401 cnm
