3288 4973
1444 357 1832 420 —365—

644 557 795 625 328.
861 556 1282 627 Promissio
1329 556 1423 628 de
1468 561 1728 630 castro
1773 557 2292 646 Karpenstein
2337 579 2384 628 a
2431 557 2830 630 territorio

442 659 850 730 Gladcensi
898 680 986 730 ac
1031 680 1273 748 regno
1323 663 1674 734 Boemiae
1719 684 1868 734 non
1913 663 2240 734 aliendo.

1248 805 1443 886 1353,
1490 805 1598 872 29.
1646 803 1698 872 J
1701 801 2026 872 anuarii.

644 959 931 1025 Karolus
978 961 1055 1027 D.
1106 980 1201 1044 gr.
1248 961 1323 1026 R.
1374 978 1491 1026 rex
1538 979 1589 1026 s,
1643 979 1702 1028 a.
1759 967 1829 1027 et
1893 961 1966 1027 B.
2027 979 2148 1026 rex
2205 967 2433 1026 notum
2480 969 2607 1027 etc.
2655 960 2827 1046 Quia

437 1062 667 1129 dilecti
714 1065 903 1130 nobis
950 1065 1223 1147 nobileS,
1290 1064 1550 1146 vasalli,
1596 1063 1862 1146 militeS,
1925 1066 2208 1132 clientes
2269 1073 2340 1131 et
2399 1065 2673 1131 sculteti
2730 1064 2824 1130 di-

434 1168 713 1232 strictus
748 1185 868 1234 seu
904 1169 1227 1235 territorii
1258 1187 1339 1235 ac
1370 1168 1555 1234 cives
1588 1168 1890 1235 civitatis
1926 1167 2294 1252 Glacensis,
2326 1168 2558 1236 fideles
2591 1168 2826 1250 nostri,

431 1273 517 1336 ad
563 1273 947 1338 mandatum
994 1273 1137 1339 sive
1185 1273 1416 1356 regiae
1461 1272 1885 1339 celsitudinis
1935 1273 2324 1342 instantiam
2389 1291 2506 1355 pro
2566 1292 2822 1355 compa-

436 1373 697 1441 ratione
745 1378 954 1443 castri
1001 1378 1461 1460 Carpenstein,
1526 1379 1698 1457 quod
1748 1396 1910 1462 erga
1970 1377 2253 1444 nobilem
2315 1377 2694 1444 Mersanum
2741 1380 2825 1444 de

434 1479 883 1563 Parcliewicz,
930 1483 1191 1549 fidelem
1238 1494 1531 1548 nostrum
1581 1483 1916 1564 dilectum,
1974 1481 2212 1548 emisse
2275 1481 2696 1564 dinoscimur,
2755 1481 2824 1548 in

434 1583 765 1663 aliquibus
788 1587 885 1651 'se
924 1585 1229 1652 fecerunt
1275 1585 1572 1667 pecuniis
1604 1586 1975 1656 debitores:
2024 1586 2270 1652 idcirco
2303 1585 2467 1666 ipsis
2499 1595 2568 1652 et
2600 1604 2823 1652 eorum

433 1691 931 1756 successoribus
980 1690 1423 1771 promittimus
1469 1696 1539 1755 et
1584 1689 1774 1776 regia
1821 1689 2240 1772 benignitate
2275 1693 2670 1771 spondemus
2704 1708 2821 1771 pro

434 1793 644 1874 nobis,
692 1793 1045 1860 heredibus
1095 1801 1163 1859 et
1210 1795 1711 1860 successoribus
1757 1795 2026 1877 nostriS,
2073 1796 2340 1875 regibus
2391 1794 2482 1876 B„
2527 1801 2820 1861 castrum

430 1897 869 1977 Carpenstein
904 1899 1315 1978 praedictum
1351 1919 1390 1962 a
1425 1917 1628 1982 regno
1662 1899 1807 1964 sive
1839 1917 2080 1964 corona
2124 1898 2430 1963 Boemiae
2463 1904 2584 1964 aut
2616 1899 2816 1964 etiam

430 1998 744 2066 districtu
792 2019 909 2066 seu
954 2002 1295 2068 territorio
1341 2001 1703 2068 Gladcensi
1749 2001 1938 2086 (non)
1988 2003 2298 2082 vendere,
2355 2001 2651 2083 obligare
2699 2020 2818 2068 seu

432 2105 667 2184 quovis
714 2105 845 2170 alio
892 2106 1089 2172 titulo
1136 2107 1451 2190 alienare,
1500 2107 1699 2173 nullis
1747 2124 1962 2186 neque
2015 2105 2352 2186 perpetuis
2409 2105 2818 2188 temporibus

430 2207 755 2276 affuturis

642 2331 893 2398 Harum
927 2385 941 2400 .
979 2385 990 2398 .
1025 2383 1037 2395 .

642 2488 877 2555 Datum
924 2491 1183 2575 Pragae
1247 2512 1307 2562 a.
1366 2493 1445 2557 D.
1510 2498 1692 2573 1353,
1755 2490 2122 2558 indictione
2183 2490 2320 2572 VI.,
2373 2493 2613 2570 quarta
2674 2488 2821 2555 Kal.

427 2590 646 2676 Febr„
693 2612 1047 2677 regnorum
1094 2602 1467 2662 nostrorum
1514 2616 1687 2663 anno
1735 2596 2035 2677 septimo.

638 2756 850 2844 (Oriq.
910 2760 1084 2827 arch.
1144 2760 1547 2825 Gladcensis.
1600 2798 1675 2809 —
1728 2760 2118 2845 Grnnhaqen
2177 2758 2264 2825 II.
2307 2759 2455 2825 175.
2503 2792 2581 2805 -
2633 2757 2819 2819 Anno

428 2859 838 2945 subsequente
881 2864 1073 2945 1354,
1120 2866 1223 2930 17.
1264 2863 1458 2927 Junii
1493 2863 1766 2929 Carolus
1803 2873 2084 2927 castrum
2119 2864 2548 2947 Karpenstet'n
2583 2862 2819 2939 „situm

428 2965 497 3025 in
542 2986 735 3047 rayno
780 2976 999 3029 nostro
1050 2968 1348 3031 Boemie“
1404 2968 1691 3033 donabat
1735 2968 1999 3042 ιΙοαηνιί,
2047 2967 2409 3031 marchioni
2461 2966 2815 3039 Moravz'ae,

428 3068 647 3147 fratri
688 3092 823 3157 ειιο,
867 3072 937 3134 in
966 3070 1239 3157 feodum
1290 3074 1784 3159 hereditarium,
1832 3082 1904 3136 ut
1951 3083 2158 3135 tamen
2190 3072 2268 3137 do
2297 3073 2485 3157 requi
2513 3071 2818 3135 Boemiae

431 3172 775 3239 ‹inmte-vat
814 3178 1230 3259 pertinentiis
1276 3188 1702 3263 computetur,
1759 3178 1828 3241 in
1877 3200 1996 3263 quo
2053 3186 2110 3239 et
2169 3176 2246 3241 do,
2305 3180 2484 3262 cnjus
2553 3196 2821 3261 corpore

432 3280 743 3346 consistit.
790 3276 891 3364 Cf.
948 3280 1205 3345 Brandl
1264 3282 1429 3349 VIII.
1478 3282 1659 3371 266.)

634 3520 785 3591 329.
864 3519 1058 3591 Unio
1135 3522 1391 3592 Caroli
1459 3522 1586 3592 IV.
1657 3526 1884 3609 atque
1951 3521 2274 3592 Joannis
2349 3520 2813 3591 marchionis

433 3643 597 3693 cum
648 3624 971 3695 ducibus
1017 3625 1403 3697 Austriae.

1049 3769 1243 3849 1353,
1288 3770 1396 3836 14.
1444 3765 1726 3837 Martii.
1775 3766 2196 3854 (Viennae.)

636 3920 822 3993 Konig
858 3921 996 3977 Karl
1032 3922 1145 3991 IV.,
1186 3922 1453 3977 Albrecht
1488 3922 1696 3992 herzog
1732 3940 1802 3977 zu
1841 3922 2152 3987 Oestreich‚
2188 3921 2409 3978 Johann
2433 3920 2724 3989 markgrai'
2744 3936 2818 3975 zu

428 4006 707 4077 Maehren,
746 4008 958 4065 Rudolf
1002 4010 1211 4078 herzog
1260 4010 1550 4065 Albrechts
1608 4010 1747 4064 sohu
1801 4010 2104 4065 schliessen
2162 4008 2596 4064 untereinander
2652 4005 2817 4061 einen

430 4092 647 4162 ewigen
702 4094 1270 4152 frenndschaftsbuud
1326 4112 1395 4151 zn
1451 4096 1668 4151 frieden
1721 4112 1773 4151 u.
1833 4113 1901 4151 zu
1953 4096 2380 4166 gegenseitiger
2435 4094 2572 4149 hilfe
2626 4108 2816 4162 geg-en

426 4180 767 4253 jedormann‚
802 4198 1229 4252 ausgenommen
1269 4185 1376 4238 den
1416 4183 1587 4252 konig
1625 4200 1732 4237 von
1771 4182 2012 4252 Uagam.

640 4323 861 4391 (Arch.
906 4322 975 4391 S.
1030 4322 1263 4407 Wenc.)
