3288 4973
1346 383 1421 392 —
1482 351 1736 412 143-

345 550 567 606 ritatem
587 567 745 607 suam
765 567 863 606 seu
882 553 1033 608 vices
1053 567 1183 608 suas
1218 550 1423 609 Joanni
1452 553 1720 624 Pragensi
1747 559 1808 608 et
1823 553 1861 610 J
1863 553 2028 609 oanni
2054 553 2405 609 olomucensi
2430 553 2722 624 episcopis,

342 637 681 706 Moguntinis
719 639 1103 710 suffraganeis,
1154 641 1243 696 vel
1288 639 1529 696 Vitkoni
1564 640 1825 710 episcopo
1865 641 2135 696 Misnensi
2173 647 2232 695 et
2268 641 2501 696 cuilibet
2539 655 2722 696 eorum

338 724 391 778 in
424 725 663 781 solidum
702 729 1001 783 concedere
1037 727 1385 798 dignaretur,
1422 727 1507 782 ita
1544 733 1609 782 ut
1646 728 1696 782 d.
1735 727 1935 798 regina
1983 728 2052 782 de
2105 743 2294 784 eorum
2342 729 2433 783 vel
2485 729 2721 784 alterius

340 809 577 878 ipsorum
614 813 869 869 manibus
906 814 1096 870 valeat
1133 820 1193 869 et
1228 813 1411 882 possit
1446 814 1609 884 regni
1648 815 1908 870 Boemiae
1949 814 2140 883 regale
2168 814 2438 885 diadema,
2463 820 2531 870 ut
2555 816 2722 870 moris

343 903 439 966 est,
476 900 781 968 suscipere.

540 1006 617 1071 (Ε
648 1007 819 1058 eicere»
852 1007 1081 1059 Joanna
1118 1006 1257 1076 mys·
1288 1011 1373 1060 27.
1414 1007 1555 1074 Sept.
1600 1011 1736 1060 1336
1771 1008 1980 1076 Proque
2007 1007 2176 1060 dacis.
2205 1035 2273 1046 -
2296 1007 2430 1059 Eme.
2457 1005 2554 1058 IV.
2579 977 2733 1070 esaj

536 1117 773 1172 Beati-ix
810 1118 1006 1188 regina
1040 1133 1185 1173 anno
1222 1118 1613 1187 subsequente,
1634 1115 1752 1172 XV.
1781 1116 1907 1173 Kal.
1931 1117 1968 1172 J
1971 1116 2087 1173 unii
2112 1120 2216 1188 (18.
2245 1117 2418 1188 Mnji),
2443 1117 2501 1172 in
2528 1129 2713 1173 castro

334 1201 603 1273 Pragensi
638 1203 709 1259 ab
744 1205 977 1266 Joanne,
994 1205 1243 1274 ejusdem
1280 1205 1551 1261 ecclesiae
1592 1203 1867 1273 episcopo,
1901 1221 2105 1260 corona
2129 1206 2286 1274 regni
2313 1207 2580 1260 coronata
2603 1211 2695 1260 est
2715 1247 2728 1274 ,

330 1289 539 1344 Joanne
578 1305 713 1360 rege
752 1291 871 1347 sine
926 1307 1127 1346 corona
1162 1297 1225 1346 et
1260 1291 1471 1360 absque
1520 1291 1808 1361 regalibus
1857 1290 2098 1346 induviis
2147 1291 2455 1346 assistente
2507 1295 2716 1358 (Clu-on.

332 1380 499 1430 Auzea
546 1379 689 1446 Ray.)

528 1552 683 1620 129.
730 1549 925 1621 Unio
971 1549 1175 1620 inter
1220 1549 1575 1622 Carolum
1607 1551 1993 1639 Ungariae
2025 1569 2308 1638 regem,
2344 1551 2712 1623 Joaunem

336 1651 681 1722 Boemiae
726 1674 1009 1741 regem,
1056 1654 1285 1724 duces
1332 1655 1722 1739 Austriae‚
1788 1653 2143 1724 Cal-olum
2202 1655 2715 1727 marchionem

330 1756 709 1828 Mol-aviae
755 1761 833 1828 et
877 1757 927 1828 J
932 1777 1248 1828 oannem
1293 1758 1641 1829 comitem
1689 1757 2210 1847 Tyrolensem.

1263 1882 1461 1966 1336,
1505 1885 1571 1952 9.
1618 1880 1780 1950 oct.

530 2020 607 2086 In
632 2019 759 2086 Dei
784 2021 1044 2087 nomine
1074 2021 1299 2088 Amen.
1331 2020 1706 2089 Gloriosum
1741 2038 1952 2104 genus
1984 2019 2312 2086 victoriae
2345 2019 2716 2101 titulusque

326 2123 637 2206 triumphi
681 2123 1037 2192 laudifluus
1080 2123 1487 2209 perhibetur,
1534 2123 1748 2208 gloria
1795 2126 2151 2190 decoratur
2180 2123 2522 2206 virtutum,
2556 2127 2710 2190 dum

328 2226 501 2293 inter
548 2229 729 2295 orbis
772 2229 1093 2310 primates
1139 2230 1323 2312 pacis
1364 2234 1732 2312 perpetuae
1763 2227 2014 2294 libatur
2043 2227 2353 2310 osculum,
2385 2245 2505 2310 per
2536 2231 2712 2308 quod

330 2329 805 2400 dissensionum
831 2331 1195 2400 seditiones
1220 2331 1473 2400 eminus
1500 2331 1960 2414 propelluntur
1987 2335 2057 2396 et
2082 2330 2366 2399 subditis
2392 2332 2708 2398 dulcioris

328 2435 826 2517 tranquillitatis
874 2439 1210 2505 commoda
1254 2437 1586 2506 salubrius
1626 2436 2086 2519 propinantur.

522 2542 659 2608 Nos
717 2542 947 2623 itaque
1010 2542 1295 2609 Karolus
1342 2543 1421 2609 D.
1471 2561 1568 2626 gr.
1614 2540 1974 2627 Ungariae,
2034 2540 2081 2607 J
2084 2558 2334 2607 oannes
2397 2540 2708 2609 Boemiae

324 2662 527 2729 regeS,
573 2646 897 2715 Albertus
942 2652 1013 2713 et
1058 2646 1218 2714 Otto
1263 2646 1601 2730 Austriae,
1647 2646 1915 2729 Styriae
1949 2649 2018 2712 et
2049 2644 2448 2711 Kariathiae
2481 2648 2703 2728 duces,

324 2748 599 2818 Karolus
644 2751 939 2818 marchio
986 2751 1349 2835 Mox-aviae,
1388 2756 1458 2817 et
1488 2752 1535 2817 J
1537 2769 1808 2835 oannes»,
1839 2767 2058 2817 comes
2092 2749 2375 2833 TyroliS,
2407 2750 2700 2817 animad-

324 2858 657 2921 vertentes
702 2858 994 2921 mutuam
1030 2854 1185 2921 hinc
1216 2854 1372 2922 inde
1402 2854 1582 2922 inter
1610 2873 1732 2922 nos
1766 2854 2432 2937 consanguinitatem,
2462 2873 2700 2936 paren·

324 2958 513 3023 telam
557 2964 628 3026 et
668 2958 1065 3026 affinitatem
1112 2959 1461 3044 sanguinis
1508 2964 1579 3025 et
1624 2958 1912 3043 generis„
1959 2958 2200 3039 quibus
2263 2960 2348 3025 ad
2410 2958 2697 3027 invicem

324 3063 695 3147 propaginis
739 3063 997 3147 origine
1042 3063 1495 3130 connectimur
1538 3062 1924 3129 multimode
1968 3061 2283 3145 naturali,
2323 3062 2700 3143 cupientes·

323 3183 439 3245 que
484 3184 891 3249 summopere
933 3168 1159 3250 regnis
1204 3172 1274 3233 et
1320 3171 1654 3235 terrarum
1715 3172 2095 3233 nostrarum
2158 3166 2468 3233 dominiis
2531 3186 2700 3233 com·

322 3273 565 3336 modum
606 3278 757 3353 post
802 3276 906 3338 tot
950 3277 1021 3339 et
1063 3276 1293 3339 tantas
1324 3271 1723 3339 afflictiones
1756 3277 1827 3339 et
1858 3272 2277 3338 calamitates
2309 3270 2691 3339 innumeras

322 3372 593 3441 feliciter
636 3372 972 3460 inducere,
1018 3381 1346 3457 quatenus
1396 3377 1646 3444 subditi
1691 3376 1906 3443 nostri
1952 3375 2116 3443 laeti
2163 3376 2246 3441 de
2293 3382 2526 3443 nostra
2557 3375 2696 3457 ple-

322 3480 502 3545 naria
544 3479 894 3547 concordia
952 3482 1324 3561 unioneque
1384 3482 1794 3565 sempiterna
1855 3498 2005 3547 sese
2068 3478 2368 3545 sentiant
2431 3479 2697 3561 plenius

324 3583 702 3667 consolatOS,
748 3584 985 3653 foedus
1045 3589 1115 3652 et
1174 3584 1438 3651 unionis
1498 3590 1862 3668 perpetuae
1924 3582 2262 3651 vinculum
2327 3602 2447 3664 pro
2508 3583 2700 3650 nobis

328 3694 393 3752 et
430 3688 781 3755 heredibus
825 3690 1094 3773 nostrie,
1140 3692 1314 3757 bona
1356 3690 1487 3757 fide
1534 3695 1606 3756 et
1653 3690 1911 3757 sincero
1970 3686 2230 3771 spiritu,
2273 3682 2494 3754 ‘tactis
2558 3705 2700 3753 cor-

322 3792 620 3873 poraliter
663 3794 1121 3862 sacrosanctis
1176 3794 1567 3879 evangeliiS,
1624 3796 1806 3862 inter
1864 3811 1984 3859 nos
2045 3793 2346 3858 duximus
2407 3791 2700 3857 fideliter

326 3900 843 3965 connectendum.
2146 3955 2154 3961 -

514 4001 987 4070 Promitteutes
1052 4004 1333 4070 firmiter
1401 4008 1473 4069 et
1542 4001 1802 4069 sincere
1878 4018 2029 4068 sese
2107 3998 2393 4068 invicem
2468 4004 2705 4066 mutuo

328 4104 628 4187 adiuvare
660 4108 1018 4193 juvamine,
1064 4108 1247 4175 intra
1305 4126 1680 4193 regnorum,
1738 4113 2072 4173 terrarum
2136 4109 2206 4171 et
2265 4101 2704 4171 dominiorum

328 4214 679 4276 nostrorum
724 4212 1053 4279 duntaxat
1095 4211 1361 4295 limites,
1420 4212 1798 4278 habitorum
1845 4229 1964 4277 seu
2013 4209 2216 4275 etiam
2264 4209 2701 4290 imposterum

334 4312 781 4398 habendorum,
834 4318 957 4381 sub
1016 4316 1325 4398 expensis
1391 4314 1581 4398 panis
1647 4320 1717 4381 et
1775 4315 1917 4381 vini
1977 4313 2167 4379 nobis
2228 4330 2350 4394 per
2411 4329 2577 4395 eum,
2623 4311 2692 4377 in
