3288 4973
97 5 857 74 WJ*‡-·
870 7 877 10 *-
974 5 983 8 -
1022 7 1025 9 v

1295 335 1680 398 —239—

492 538 638 608 230.
711 536 1034 610 Carolus
1097 537 1433 610 marchio
1497 536 1986 625 recognoscit
2047 556 2130 607 se
2188 533 2436 606 teneri
2494 533 2672 605 duci
2750 634 2754 638 .

315 641 666 725 Boleslao,
714 642 1015 712 domino
1061 642 1460 730 Bregensi,
1507 641 1586 712 in
1633 645 1808 710 1200
1851 661 2011 712 seX.
2059 661 2175 728 gr.
2222 639 2453 726 Prag.

744 765 938 846 1343,
983 767 1090 832 24.
1142 761 1516 832 Octobris.
1565 761 2215 848 (Frankcnstein.)

491 894 613 980 (A.
688 894 786 963 Κ.
835 933 922 944 --
968 894 1356 978 Grilnhaqen
1410 895 1494 960 ll.
1542 894 1689 962 323.
1736 933 1823 943 —
1868 892 2084 956 Emler
2126 894 2165 955 Ι
2178 891 2239 960 V.
2284 891 2507 980 1312.)

495 1107 647 1175 231.
729 1104 1072 1174 Clemens
1142 1125 1338 1192 papa
1401 1103 1530 1173 VI.
1597 1103 1995 1174 ecclesiam
2069 1104 2535 1190 Pragensem
2599 1099 2679 1169 in

319 1209 948 1297 metropolitanam
997 1207 1256 1296 erigit,
1289 1229 1336 1277 a
1369 1208 1841 1297 subjectione
1886 1208 2255 1278 ecclesiae
2301 1205 2675 1293 Mogunti-

318 1313 551 1382 nensis
599 1313 888 1397 eximit,
935 1313 1152 1400 eique
1199 1315 1352 1382 tam
1403 1311 1970 1383 Olomucensem
2034 1332 2255 1400 quam
2324 1312 2681 1398 Lutomy-

319 1415 624 1488 slensem
669 1437 935 1488 recens
981 1417 1060 1486 in
1107 1417 1544 1488 cathedram
1592 1419 1920 1486 erectam
1983 1415 2350 1486 ecclesias
2414 1413 2679 1484 suffra-

317 1532 580 1604 ganeas
627 1521 1002 1609 assignat.
1533 1517 1539 1524 ’

880 1645 1074 1726 1344,
1120 1644 1228 1741 39.
1275 1641 1596 1728 Aprilis.
1646 1640 2113 1728 (Avinione.)

465 1779 717 1867 ,(ΑνοῘι.
763 1779 828 1848 S.
881 1781 1084 1846 Wene.
1129 1817 1217 1830 -
1263 1777 1480 1866 Chytil
1553 1779 1681 1847 VII.
1740 1781 1871 1844 392
1920 1817 1997 1828 —-
2051 1779 2199 1846 God.
2260 1778 2439 1862 7211..
2494 1779 2580 1846 II.
2630 1780 2689 1856 3,

315 1905 375 1964 p.
415 1887 554 1952 205.
615 1923 680 1932 —
729 1883 948 1948 Emler
992 1887 1035 1948 I
1039 1885 1103 1952 V.
1161 1885 1376 1968 1398.)

506 2095 657 2162 232.
749 2093 1092 2163 Clemens
1182 2111 1378 2179 papa
1453 2091 1580 2162 VI.
1658 2091 2235 2179 archiepiscopo
2316 2089 2690 2177 Pragensi

327 2192 746 2265 facultatem
817 2193 1165 2266 concedit
1235 2214 1492 2282 regem
1563 2196 1916 2266 Boemiae
1979 2194 2423 2282 inungendi,
2485 2215 2692 2266 coro-

322 2299 537 2368 nandi
624 2302 703 2369 et
809 2305 1112 2370 caetera
1216 2298 1653 2386 hujusmodi
1751 2300 2120 2369 solemnia
2221 2298 2523 2385 regalia
2624 2297 2697 2367 ei

326 2402 768 2474 conferendi.

1227 2492 1421 2574 1344,
1468 2494 1534 2559 5.
1581 2490 1786 2560 Maii.

519 2632 818 2699 Clemens
866 2632 1238 2714 episcopus
1287 2649 1520 2697 servus
1571 2650 1914 2698 servorum
1960 2631 2107 2697 Dei.

413 2738 423 2747 ‘
521 2738 624 2801 Ad
670 2740 1064 2817 perpetuam
1111 2734 1211 2801 rei
1257 2736 1651 2801 memoriam.
1712 2736 2047 2801 Romanus
2112 2734 2410 2817 pontifex
2456 2754 2497 2799 a
2544 2736 2703 2817 Deo,

328 2856 437 2917 per
479 2858 667 2920 quem
714 2856 912 2923 reges
979 2844 1264 2923 regnant
1309 2844 1382 2905 et
1428 2839 1764 2921 principes
1826 2839 2157 2922 imperant
2217 2846 2287 2903 et
2352 2839 2461 2919 qui
2521 2839 2699 2905 solus

329 2942 520 3009 habet
561 2944 629 3010 in
677 2962 885 3027 regno
934 2944 1262 3010 hominum
1309 2948 1739 3027 potestatem,
1785 2944 2192 3009 constitutus
2236 2960 2437 3025 super
2467 2948 2704 3024 gentes

331 3048 393 3110 et
436 3065 638 3133 regna
684 3049 818 3131 illa,
866 3066 1035 3127 quae
1082 3049 1167 3114 ad
1213 3047 1572 3114 utilitatem
1605 3065 1837 3131 regum
1868 3065 1948 3112 ac
1980 3046 2347 3129 principum
2381 3054 2453 3112 et
2484 3047 2705 3113 subdi-

333 3156 530 3217 torum
561 3171 827 3219 suorum
860 3151 1142 3217 salutem
1168 3156 1237 3215 et
1261 3170 1488 3233 pacem
1519 3152 1834 3232 expedire
1862 3151 2206 3235 conspicit,
2240 3152 2706 3217 observantias

335 3255 628 3335 antiquas
707 3258 1170 3321 commutando
1249 3257 1659 3338 quandoque,
1739 3262 1937 3338 prout
2012 3253 2478 3337 opportunitas
2547 3260 2708 3320 tem-

337 3358 504 3437 poris
575 3359 875 3443 requirit,
950 3360 1018 3425 in
1079 3360 1331 3443 meliUS,
1395 3361 1476 3426 de
1536 3360 1898 3443 potestatis
1967 3360 2382 3443 plenitudine
2442 3359 2709 3425 ordinat

339 3465 403 3525 et
452 3463 758 3545 disponit.

535 3566 705 3633 Sane
752 3586 872 3649 pro
920 3571 1112 3648 parte
1161 3568 1533 3634 charissimi
1579 3568 1647 3632 in
1694 3566 1959 3633 Christo
2002 3567 2119 3633 filii
2150 3568 2381 3650 nostri,
2411 3568 2717 3651 Joannis,

339 3670 506 3749 regis
549 3670 862 3736 Boemiae
907 3669 1208 3752 illustriS‚
1257 3671 1492 3751 petitio
1539 3671 1729 3737 nobis
1774 3669 2073 3737 exhibita
2106 3671 2508 3754 continebat,
2540 3674 2713 3752 quod

342 3770 482 3838 olim
509 3792 696 3859 reges
723 3774 1034 3840 Boemiae
1060 3776 1144 3840 ad
1173 3776 1662 3841 successionem
1696 3773 1884 3856 regni
1909 3775 2011 3839 sui
2030 3773 2343 3840 Boemiae
2362 3774 2713 3840 venientes

344 3876 418 3940 de
459 3879 754 3946 manibus
803 3878 1287 3961 archiepiscopi
1335 3879 1888 3963 MoguntinensiS,
1932 3882 2093 3943 tunc
2137 3878 2429 3959 ipsorum
2476 3885 2715 3945 metro-

345 3980 626 4066 politani,
655 4000 818 4048 suae
849 3981 1254 4049 inunctionis
1289 3988 1358 4048 et
1393 3984 1843 4050 coronationis
1876 3982 2195 4049 solemnia
2227 3988 2718 4049 consueverunt

347 4085 629 4165 recipere
674 4090 759 4153 ab
806 4086 1101 4170 antiquo,
1169 4090 1288 4153 sed
1334 4087 1402 4153 in
1449 4088 1628 4152 nullo
1676 4088 1805 4153 alio
1851 4086 1982 4153 nisi
2026 4088 2233 4153 solum
2280 4088 2434 4167 quia
2478 4094 2718 4152 metro-

349 4188 614 4268 politani
675 4197 871 4256 erant
929 4210 1170 4274 eorum,
1232 4192 1360 4259 sibi
1419 4190 1705 4274 subjecti
1765 4190 2253 4272 quomodolibet
2320 4191 2717 4257 existebant.

350 4292 502 4358 Cum
548 4299 767 4360 autem
813 4313 932 4361 nos
979 4295 1236 4375 pridem
1273 4295 1497 4379 certis,
1527 4294 1743 4377 iustis,
1774 4294 2075 4361 honestis
2108 4299 2177 4360 et
2209 4293 2718 4361 rationabilibus
