3288 4973
1568 372 1698 393 .—
1743 338 1872 399 4⁴20
1917 372 1998 381 -

602 542 1141 611 interlocutorias
1212 542 1319 609 vel
1390 543 1791 621 definitivas
1851 559 2049 607 unam
2113 544 2220 607 vel
2283 544 2529 624 plures,
2598 542 2668 606 in
2731 542 3002 621 quibus-

602 666 863 729 cunque
912 645 1438 729 praenominatis
1486 643 1710 712 causis
1761 646 1905 712 sive
1951 646 2260 729 negotiis,
2329 647 2567 727 quovis
2613 648 2802 711 modo
2849 646 3004 711 fieri

601 754 711 820 vel
757 751 1161 835 promulgari
1208 749 1649 834 contingeret,
1695 751 2103 817 auctoritate
2151 751 2537 833 praemissa,
2587 752 2667 815 de
2711 750 3000 831 plenitu-

604 857 757 922 dine
825 857 1099 937 insuper
1166 855 1553 921 antedictae
1618 854 2106 936 Imperatoriae
2173 855 2555 937 potestatiS,
2623 854 3003 933 citationeS,

603 964 985 1043 praecepta,
1044 975 1396 1038 processus
1446 958 1500 1023 dc
1552 959 1928 1024 sententias
1990 960 2384 1041 hujusmodi,
2447 976 2704 1024 necnon
2761 975 3000 1023 execu-

601 1065 821 1130 tiones
870 1063 925 1129 &
970 1062 1206 1144 omnia,
1252 1080 1423 1143 quae
1469 1080 1551 1127 ex
1610 1060 1708 1127 eis
1768 1063 1877 1129 vel
1941 1061 2162 1143 aliquo
2225 1080 2451 1127 eorum
2497 1063 2996 1143 quomodolibet

606 1168 793 1249 sequi
839 1186 919 1233 ac
949 1166 1201 1233 tentari
1234 1166 1494 1248 possint
1534 1167 1643 1231 vel
1675 1164 1838 1247 fieri,
1870 1165 2211 1232 irritamus
2241 1166 2512 1248 penitus
2549 1166 2604 1232 8⁵
2637 1184 3003 1231 cassamus

810 1272 1225 1356 Adjicientes
1263 1288 1579 1352 expresse
1613 1270 1669 1335 ὅσ
1701 1271 1919 1336 edicto
1952 1269 2290 1353 Imperiali
2329 1276 2648 1351 perpetuo
2683 1269 3000 1346 valitum,

607 1379 834 1444 eadem
884 1375 1291 1442 auctoritate
1340 1373 1395 1439 85
1441 1376 1524 1439 de
1570 1372 1941 1455 praemissa
1988 1376 2348 1455 potestatis
2411 1373 2832 1456 plenitudine
2895 1375 3009 1437 de-

607 1486 977 1561 cernentes,
1047 1483 1124 1545 ut
1190 1478 1734 1558 quemadmodum
1817 1478 1886 1543 in
1963 1478 2310 1561 praedicto
2395 1496 2600 1561 regno
2691 1476 3006 1542 Boemiae

606 1604 647 1651 a
722 1592 1036 1665 ternpore,
1112 1584 1300 1664 quus
1375 1584 1698 1649 contrarii
1773 1602 1903 1649 non
1981 1584 2264 1649 habetur
2339 1583 2670 1664 memoria,
2739 1580 3007 1665 jugiter

608 1692 1032 1754 observatum
1093 1684 1344 1767 existit,
1405 1686 1503 1750 ita
1547 1686 1714 1752 nulli
1763 1706 2042 1768 prorsus
2105 1686 2410 1769 principi,
2479 1686 2731 1766 baroni,
2777 1685 3006 1763 nobili,

607 1792 819 1872 militi,
868 1790 1113 1871 clienti,
1161 1788 1311 1871 civi,
1360 1790 1680 1872 burgensi
1725 1808 1846 1856 seu
1877 1791 2152 1871 rusticO,
2183 1789 2350 1856 nulli
2382 1792 2638 1855 demum
2672 1807 3002 1871 personae

611 1914 731 1962 seu
798 1896 1056 1960 incolae
1124 1894 1313 1978 regni
1384 1892 1690 1961 Boemiae
1770 1894 2161 1977 saepedicti,
2242 1895 2692 1977 cuiuscunque
2752 1898 2998 1959 status

610 1999 1191 2081 praeeminentiae,
1237 1999 1589 2082 dignitatis
1636 1998 1746 2065 vel
1792 2000 2191 2065 conditionis
2238 1997 2537 2063 existant
2585 1999 2694 2063 vel
2727 1997 3011 2077 existat,

609 2124 650 2169 a
727 2104 1226 2183 quibuscunque
1301 2104 1745 2185 processibus
1839 2104 2198 2171 sententiis
2273 2102 2800 2168 interlocutoriis
2899 2101 3004 2167 vel

612 2208 1011 2281 diffinitivis,
1068 2208 1213 2272 sive
1263 2208 1641 2288 praeceptis
1721 2210 1902 2293 regis
1977 2207 2289 2273 Boemiae
2367 2211 2488 2271 aut
2561 2206 3015 2286 quorumlibet

614 2330 879 2377 suorum
927 2310 1239 2391 judicum,
1301 2330 1555 2377 necnon
1617 2312 2122 2379 executionibus
2195 2312 2554 2377 eorundem
2631 2318 2874 2375 contra
2937 2328 3009 2375 se

613 2417 683 2481 in
747 2416 955 2498 regali
1007 2415 1255 2500 judicio
1317 2436 1436 2481 seu
1498 2436 1718 2483 coram
1782 2418 1983 2501 regiS,
2050 2415 2259 2500 regni,
2321 2432 2439 2481 seu
2509 2414 3012 2496 praedictorum

608 2520 903 2606 judicum
950 2520 1393 2586 tribunalibus
1438 2521 1639 2587 factis
1687 2528 1807 2587 aut
1873 2521 2048 2604 latis,
2106 2519 2352 2588 habitis
2415 2522 2520 2584 vel
2583 2517 2886 2584 ferendis
2949 2521 3014 2584 in

616 2631 817 2690 antea
864 2643 983 2690 seu
1030 2624 1284 2706 fiendiS,
1329 2625 1532 2690 liceat
1578 2628 1664 2691 ad
1711 2628 2148 2706 quodcunque
2195 2623 2374 2690 aliud
2415 2621 2738 2706 judicium
2779 2623 3012 2705 appel-

616 2729 792 2810 lare3
861 2729 1365 2809 provocationes
1434 2747 1693 2810 quoque
1759 2748 1877 2794 seu
1935 2728 2423 2811 appellationes
2487 2727 2886 2807 hujusmodi,
2953 2746 3007 2790 ει

619 2851 785 2913 quas
831 2837 1065 2897 contra
1112 2833 1237 2898 hoc
1282 2832 1613 2914 interponi
1662 2833 2041 2916 contigerit,
2087 2851 2163 2898 eo
2213 2832 2356 2914 ipso
2397 2831 2653 2898 viribus
2685 2849 2822 2896 non
2857 2835 3009 2897 sub-

620 2937 867 3001 sistant
914 2937 970 3002 &
1014 2937 1430 3018 appellantes
1480 2937 1607 3019 ipsi
1654 2957 1930 3019 poenam
1994 2937 2389 3019 perditionis
2451 2952 2802 3001 causarum
2867 2936 3015 3017 ipso

620 3048 797 3106 facto
846 3059 918 3105 se
966 3040 1276 3105 noverint
1319 3040 1706 3108 incurrisse.

709 3215 925 3295 Caput
969 3214 1088 3282 IX.
1136 3214 1249 3278 De
1296 3215 1502 3297 auri,
1536 3215 2388 3298 argentietaliarum
2437 3215 2933 3298 specierum

1632 3338 2004 3385 mineris.

831 3457 1186 3522 Praesenti
1232 3457 1713 3525 constitutione
1760 3459 1827 3524 in
1875 3467 2267 3540 perpetuum
2311 3459 2605 3526 valitura
2655 3461 3018 3527 statuimus

624 3579 703 3626 ac
771 3561 853 3625 de
922 3569 1111 3626 certa
1180 3561 1463 3626 scientia
1530 3565 1965 3646 declaramuS,
2042 3567 2217 3644 quod
2293 3581 2718 3631 successores
2779 3565 3014 3643 nostri,

627 3663 937 3729 Boemiae
986 3683 1200 3747 regesi,
1248 3684 1503 3730 necnon
1554 3667 1938 3733 universi&
1972 3668 2216 3752 singuli
2281 3667 2616 3749 principes
2657 3668 3012 3748 electoreS,

628 3767 1069 3833 ecclesiastici
1116 3769 1170 3832 ὣ
1218 3769 1573 3843 seculares,
1621 3773 1732 3850 qui
1781 3781 2103 3853 perpetuo
2149 3771 2421 3855 fuerint,
2467 3771 2824 3839 universas
2871 3773 3019 3840 auri

630 3877 683 3938 ἅς
728 3875 994 3957 argenti
1042 3873 1302 3939 fodinas
1367 3881 1568 3954 atque
1627 3877 1916 3942 mineras
1965 3878 2208 3961 stanni,
2268 3875 2472 3960 cupri,
2525 3874 2710 3958 ferri,
2775 3877 3024 3959 plumbi

629 3979 683 4042 dr,
730 3979 1007 4044 alterius
1055 3980 1505 4062 cujuscunque
1566 3981 1834 4059 generis
1897 3982 2168 4063 metalli,
2225 3999 2306 4047 ac
2372 3979 2576 4046 etiam
2637 3979 2822 4064 salis,
2884 3986 3020 4046 tam

628 4083 933 4147 inventas
980 4101 1173 4161 quam
1222 4084 1659 4148 inveniendas
1706 4085 1773 4148 in
1819 4091 2158 4164 posterum
2207 4085 2715 4165 quibuscunque
2765 4095 3017 4168 tempo·

628 4185 810 4250 ribus
856 4184 921 4248 in
968 4203 1171 4266 regno
1221 4185 1561 4264 praedicto
1608 4205 1688 4251 ac
1735 4187 1935 4252 terris
1971 4188 2026 4253 8⁶
2059 4186 2486 4268 pertinentiis
2537 4187 2755 4255 eidem
2807 4208 3014 4274 regno

629 4288 965 4370 subjectis,
1030 4305 1282 4353 necnon
1346 4290 1718 4371 supradicti
1759 4291 2097 4373 principes
2130 4289 2198 4357 in
2235 4291 2743 4374 principatibuS,
2793 4297 3015 4377 terris,
