3288 4973
1336 323 1724 383 ——369—

620 525 682 589 2.
732 520 1169 592 Ludovicus
1214 522 1655 611 Hungariae
1705 544 1845 595 rex
1905 526 2299 599 renuntiat
2347 524 2511 613 juri
2579 548 2719 599 suo

332 624 406 695 iu
446 624 853 695 ducatibus
902 624 1409 697 Swiduicensi
1456 632 1535 697 et
1578 626 1968 701 sam-ensi.

1222 750 1419 830 1353,
1465 752 1573 818 27.
1618 749 1826 821 Maii.

531 885 659 941 List
712 886 967 941 Ludvika
1018 886 1177 942 krale
1222 886 1536 942 uberskeho
1574 894 1701 957 etc„
1741 904 1777 942 v
1812 891 2062 945 kteremz
2099 906 2160 946 se
2197 892 2395 950 odi-ika
2430 910 2499 961 po
2537 897 2714 949 vett-ne

328 976 455 1039 easy
491 972 837 1028 kniezetstvi
894 972 1264 1028 Svidnickeho
1300 989 1337 1028 a
1370 974 1408 1028 J
1411 975 1736 1043 marcheim,
1791 976 1880 1031 ale
1935 977 2079 1032 <lava¹
2126 978 2187 1048 ,ie
2233 978 2445 1034 kralom
2490 984 2716 1049 eesksm

328 1076 361 1113 a
392 1060 660 1129 zavaznje
698 1074 761 1113 se
798 1061 1009 1115 kornne
1044 1061 1209 1115 ceske
1245 1060 1531 1127 pomahati
1569 1062 1717 1129 proti
1757 1063 2119 1131 nepiatelom.

526 1182 662 1249 Nos
708 1182 1091 1249 Ludovicus
1138 1184 1219 1250 D.
1262 1205 1355 1267 gr.
1404 1185 1796 1269 Hungariae
1842 1196 1970 1253 etc.
2018 1207 2136 1254 rex
2168 1196 2396 1255 notum
2427 1190 2709 1259 facimus

328 1287 675 1368 universiS‚
721 1288 894 1368 quod
942 1306 1062 1353 nos
1108 1291 1191 1354 ab
1240 1290 1487 1356 amoris
1535 1290 1782 1357 sinceri
1829 1292 2210 1375 puritatem,
2253 1312 2383 1374 quo
2427 1296 2712 1362 serenis-

322 1391 551 1457 simum
618 1400 689 1459 et
746 1392 1255 1462 invictissimum
1316 1394 1684 1477 principem
1746 1402 1816 1462 et
1877 1396 2227 1480 domiuum,
2287 1398 2346 1464 d.
2392 1398 2708 1466 Karolum

322 1494 393 1559 R.
436 1514 667 1581 regem
714 1514 764 1562 s,
810 1515 868 1561 a.
914 1501 987 1563 et
1032 1496 1103 1562 Β.
1152 1514 1393 1581 regem,
1440 1498 1754 1578 specialis
1797 1500 2176 1567 dilectionis
2217 1500 2450 1570 favore
2482 1522 2706 1587 prose-

318 1600 588 1683 quimur,
632 1601 763 1681 ipsi
806 1607 1122 1681 tanquam
1169 1602 1313 1685 regi
1359 1602 1455 1685 B.,
1514 1602 1874 1671 heredibus
1928 1610 1998 1670 et
2044 1608 2565 1693 successoribus,
2633 1610 2711 1675 B.

318 1704 605 1788 regibus,
637 1712 707 1771 et
730 1707 1025 1790 ejusdem
1054 1706 1246 1790 regni
1280 1725 1581 1791 coronae,
1608 1706 2092 1790 imperpetuum
2117 1713 2398 1777 ducatus
2425 1710 2707 1781 Swidui-

316 1827 581 1877 censem
628 1818 701 1875 et
727 1809 1127 1876 Jaurensem
1161 1829 1306 1877 cum
1340 1812 1641 1877 omnibus
1674 1812 1966 1894 ipsorum
1998 1815 2367 1896 appendiis,
2399 1818 2706 1883 dominiis

316 1918 387 1979 et
415 1914 843 1995 pertinentiis
874 1932 1131 1981 necnon
1162 1914 1379 1983 omnia
1394 1915 1569 1998 jnra,
1593 1934 1765 1996 quae
1791 1916 2000 2000 uobiS,
2033 1936 2234 2001 reguo
2267 1937 2386 1985 seu
2418 1938 2706 1988 coronae

314 2016 703 2100 Hungariae
746 2018 815 2084 in
862 2018 1063 2085 dictis
1110 2019 1466 2086 ducatibus
1513 2020 1750 2101 quavis
1814 2022 2077 2089 ratione
2134 2027 2521 2104 competunt
2579 2043 2699 2092 seu

312 2122 631 2187 valebunt
678 2129 1109 2205 competeres·
1135 2123 1269 2189 rite
1330 2124 1629 2190 dedimus
1676 2132 1748 2191 et
1795 2128 2264 2208 praesentibus
2329 2135 2566 2207 sponte
2625 2148 2705 2195 ac

312 2226 681 2293 liberaliter
712 2244 1093 2311 erogamus-»3
1126 2228 1593 2295 renuntiantes
1624 2246 1942 2313 expresse
1981 2248 2098 2312 pro
2131 2232 2340 2313 nobiS,
2363 2230 2705 2315 fratribus,

314 2330 668 2397 heredibus
715 2350 796 2398 ac
842 2332 1341 2399 successoribus
1391 2332 1660 2416 nostrie,
1705 2335 1976 2418 regibus
2024 2334 2126 2419 H„
2173 2335 2349 2401 omni
2383 2334 2540 2419 juri,
2587 2336 2704 2401 im-

315 2434 639 2519 petitioni,
676 2436 1103 2521 jurisactioni
1149 2444 1220 2504 et
1264 2438 1562 2506 omnibus
1594 2438 1989 2520 simpliciter
2019 2439 2458 2522 respectibus
2490 2440 2704 2516 nobis,

313 2558 511 2622 reguo
556 2527 627 2608 et
674 2559 959 2608 coronae
1004 2542 1085 2607 H.
1135 2542 1594 2624 competituris
1642 2549 1716 2608 et
1758 2543 2292 2624 competentibus
2331 2543 2398 2611 in
2433 2545 2702 2613 eisdem.

518 2645 972 2712 Promittimus
1020 2647 1221 2714 etiam
1268 2648 1441 2714 bona
1487 2650 1558 2712 et
1603 2646 1870 2713 sincera
1915 2647 2044 2714 fide
2089 2649 2476 2730 supradicto
2510 2649 2698 2715 Rom.

316 2768 362 2815 s.
404 2768 462 2816 a.
509 2757 581 2816 et.
625 2750 699 2815 B.
744 2751 887 2832 regi
933 2757 1253 2831 tanquam
1300 2751 1442 2832 regi
1490 2751 1589 2834 B.,
1615 2749 1818 2818 fratri
1862 2757 1934 2818 et
1979 2751 2187 2818 amico
2233 2758 2461 2818 nostro
2494 2754 2699 2820 caris-

316 2853 493 2936 simo,
559 2854 921 2920 heredibus
990 2861 1060 2920 et
1130 2855 1631 2922 successoribus
1699 2854 1857 2936 suis,
1924 2855 2001 2924 Β.
2065 2856 2352 2942 regibus,
2419 2859 2570 2924 dum
2631 2866 2703 2923 et

313 2958 611 3037 quotiens
660 2960 971 3040 requisiti
1016 2977 1136 3026 seu
1182 2961 1413 3027 moniti
1457 2959 1799 3044 fuerimus,
1845 2963 2171 3027 adversus
2216 2962 2546 3041 quoslibet
2600 2962 2697 3028 in-

311 3079 581 3129 vasores
601 3081 720 3130 seu
733 3064 1029 3130 aemulos
1055 3066 1431 3147 eorundem,
1447 3065 1559 3146 qui
1582 3083 1696 3130 eos
1719 3065 1788 3131 in
1814 3064 2303 3146 praedictorum
2328 3067 2702 3150 ducatuum,

312 3167 799 3250 impendiorum,
825 3167 1275 3250 dominiorum,
1303 3169 1553 3253 jurium
1583 3175 1654 3235 et
1685 3169 2238 3251 pertinentiarum
2272 3171 2696 3250 possessione

310 3269 623 3352 impedire
668 3291 789 3338 seu
836 3273 1192 3340 molestare
1238 3275 1744 3356 contenderent,
1803 3278 2246 3354 opportunum
2313 3274 2696 3354 impendere

312 3374 621 3442 auxilium
667 3383 739 3441 et
780 3375 1111 3458 iuvamen.

512 3479 975 3546 Praesentium
1022 3487 1149 3547 etc.

512 3619 758 3684 Datum
805 3618 1038 3684 Budae
1083 3638 1138 3684 a.
1189 3620 1267 3686 D.
1320 3626 1505 3704 1353,
1552 3631 1744 3686 sexto
1791 3621 1936 3687 Kal.
1985 3621 2196 3700 Junii,
2238 3621 2433 3705 regni
2467 3627 2692 3687 autem

306 3723 509 3788 nostri
552 3741 727 3790 anno
775 3723 1185 3789 duodecimo.

503 3860 623 3946 (A.
690 3860 787 3932 K.
847 3898 937 3911 —
994 3861 1189 3925 Arch.
1265 3861 1333 3926 S.
1420 3861 1623 3927 Wenc.
1683 3900 1768 3910 —
1831 3862 2110 3927 Goldast
2167 3863 2348 3948 App.
2412 3861 2544 3926 XL.
2611 3899 2692 3910 —-

309 3961 689 4051 Griznhaqen
732 3965 788 4033 I.
832 3967 985 4033 496.
1032 4001 1119 4016 --
1167 3965 1427 4030 Brandl
1484 3965 1651 4034 VIII.
1698 3965 1880 4053 208.)

507 4183 656 4252 333.
741 4182 949 4270 Erga
1022 4181 1615 4254 extraditionem
1689 4182 2015 4253 ducatus
2091 4181 2536 4254 Ploczensis
2615 4188 2696 4251 et

307 4287 553 4354 terrae
610 4285 1001 4357 Mazoviae
1062 4286 1527 4371 Ludovicus‚
1588 4306 1728 4356 rex
1777 4284 2240 4374 Hungariae,
2287 4284 2462 4373 regi
2509 4285 2692 4358 Boe-

413 4421 559 4465 Codex
588 4425 665 4474 int.
700 4423 793 4465 boh.
832 4425 886 4465 11.
920 4431 952 4466 1.
2420 4413 2486 4460 24
