3288 4973
681 526 791 592 71.
864 523 1284 594 Promissio
1350 523 1674 596 Joannis
1753 527 1966 614 regis
2030 527 2124 596 de
2187 529 2402 597 terra
2465 527 2866 598 Wratisla-

478 627 731 700 viensi
774 649 823 698 a
866 647 1147 698 corona
1190 627 1545 698 Boemiae
1592 651 1970 718 nunquam
2025 631 2450 702 alienanda.

1348 841 1357 850 .
1405 788 1601 873 1327,
1647 791 1712 856 6.
1761 788 1947 874 Apr.

685 945 821 1011 Nos
866 945 1209 1010 Johannes
1252 945 1331 1009 D.
1364 963 1460 1026 gr.
1494 947 1567 1010 B.
1600 950 1673 1010 et
1704 945 1774 1010 P.
1808 964 1928 1011 rex
1973 964 2053 1012 ac
2098 945 2174 1012 L.
2221 963 2459 1028 comes,
2517 963 2868 1028 recognos-

478 1047 683 1115 cimus
747 1053 815 1114 et
873 1051 961 1114 ad
1012 1049 1471 1116 universorum
1526 1054 1666 1114 tam
1726 1050 2176 1130 praesentium
2237 1068 2429 1130 quam
2495 1048 2868 1116 futurorum

475 1153 779 1220 notitiam
835 1159 1069 1218 tenore
1128 1152 1581 1234 praesentium
1642 1154 1942 1222 volumus
2003 1155 2378 1238 pervenire,
2437 1155 2609 1234 quod
2667 1155 2868 1221 dilec-

476 1263 693 1324 torum
760 1257 1049 1326 fidelium
1116 1263 1514 1341 nostrorum,
1584 1257 1826 1324 civium
1889 1257 2568 1339 Wratislaviensium,
2631 1264 2868 1342 gratae

478 1361 846 1429 devotionis
923 1366 995 1428 et
1069 1361 1373 1428 sincerae
1446 1361 1602 1427 fidei
1668 1361 2212 1445 promptitudine,
2280 1363 2518 1442 quibus
2587 1369 2862 1428 nostrae

478 1465 863 1532 celsitudini
908 1467 1455 1548 complacuerunt
1499 1468 1824 1533 hactenus
1871 1471 1943 1532 et
1989 1467 2403 1548 complacere
2449 1471 2768 1532 tenentur
2797 1471 2870 1532 et

480 1573 787 1650 poterunt
846 1571 916 1636 in
973 1573 1284 1653 iuturum,
1343 1569 1629 1654 benigno
1694 1577 2057 1653 pensantes
2119 1571 2364 1637 affectu
2425 1589 2504 1636 ac
2567 1573 2868 1638 volentes

476 1673 681 1753 ipsos·
718 1674 1012 1758 perinde,
1078 1681 1325 1755 quanto
1394 1675 1666 1741 uberius
1733 1675 2114 1758 poterimus,
2179 1675 2494 1757 prosequi
2551 1675 2866 1758 gratiose,

478 1779 737 1844 sincere
814 1779 1257 1860 promittimus
1332 1797 1445 1844 eos
1514 1784 1586 1845 et
1653 1797 1872 1844 eorum
1946 1779 2308 1858 quemlibet
2371 1799 2451 1845 ac
2517 1779 2865 1844 universos

478 1887 705 1949 terrae
772 1883 1357 1950 wratislaviensis
1422 1882 1678 1949 incolas
1748 1889 1818 1948 et
1885 1880 2179 1950 feodales
2209 1959 2214 1964 ,
2245 1883 2314 1950 in
2379 1883 2675 1950 omnibus
2736 1883 2866 1949 sibi

480 1986 1012 2068 competentibus
1052 1987 1315 2072 juribus
1362 1990 1433 2052 et
1478 1985 1909 2052 libertatibus
1958 2005 2076 2052 seu
2110 1986 2634 2053 immunitatibus
2665 2004 2870 2067 super

478 2091 780 2156 omnibus
842 2091 1032 2157 bonis
1080 2093 1219 2157 suis
1266 2092 1334 2157 in
1382 2090 1662 2156 civitate
1722 2090 2272 2157 wratislaviensi
2333 2094 2403 2155 et
2466 2096 2658 2156 extra
2721 2108 2866 2156 eam

477 2195 649 2278 sitiS,
682 2213 882 2276 super
918 2195 1157 2275 quibus
1189 2194 1547 2277 privilegia
1576 2195 1690 2260 vel
1719 2213 2152 2275 quascunque
2184 2195 2608 2261 authentica-s
2633 2193 2868 2260 literas

480 2299 583 2366 vel
633 2298 801 2364 alias
848 2299 1123 2366 evidens
1169 2301 1486 2379 poterunt
1532 2297 1984 2363 testimonium
2033 2300 2507 2381 demonstrare,
2569 2317 2654 2364 ex
2709 2316 2866 2378 qua-

480 2421 741 2482 cunque
785 2403 1171 2468 rationabili
1216 2407 1336 2469 aut
1380 2402 1680 2468 evidenti
1743 2404 2170 2468 concessione
2232 2403 2334 2468 vel
2399 2403 2755 2468 donatione
2805 2403 2865 2466 d.

480 2528 557 2573 m.
604 2510 837 2575 ducum
888 2506 1166 2573 Silesiae
1213 2526 1291 2573 ac
1338 2507 1744 2574 dominorum
1793 2507 2444 2575 wratislaviensium
2492 2507 2621 2573 sibi
2665 2507 2867 2590 facta,

474 2614 556 2678 de
600 2612 1020 2695 benignitate
1069 2612 1253 2695 regia
1299 2612 1367 2677 in
1416 2616 1806 2692 perpetuum
1853 2630 2275 2695 conservare,
2321 2619 2392 2678 et
2431 2613 2604 2695 jura,
2658 2610 2866 2677 liber-

478 2722 657 2783 tates
723 2736 803 2782 ac
872 2717 1303 2781 inmunitates
1372 2716 1747 2798 hujusmodi
1813 2717 1977 2797 ipsis
2048 2719 2156 2784 vel
2225 2717 2513 2799 ipsorum
2582 2715 2867 2796 cuipiam

479 2820 857 2887 nullatenus
904 2820 1174 2887 violare.
1222 2819 1401 2902 Quas
1448 2820 1672 2901 potius
1723 2826 1916 2902 prout
1952 2822 2228 2902 provide
2261 2840 2340 2907 ac
2371 2820 2869 2887 rationabiliter

476 2924 697 2991 factae
744 2932 901 2990 sunt
944 2923 1125 3006 ipsis,
1186 2930 1261 2989 ut
1308 2944 1509 3005 super
1556 2924 1844 2991 diversis
1892 2926 2028 2991 suis
2075 2926 2502 2992 incommodis
2550 2944 2630 2991 ac
2677 2943 2864 3006 pres-

478 3030 671 3112 suriS,
733 3029 969 3109 quibus
1030 3030 1252 3094 attriti
1314 3034 1469 3095 sunt
1534 3031 1880 3113 hactenus,
1941 3048 2156 3095 novae
2217 3029 2684 3110 respirationis
2741 3032 2865 3095 sub

479 3140 707 3198 nostro
753 3131 933 3199 felici
980 3132 1263 3198 dominio
1310 3132 1603 3199 remedia
1661 3133 1892 3199 votiva
1949 3133 2336 3215 suscipiant,
2397 3136 2866 3214 approbandas

480 3236 784 3303 duximus
847 3241 916 3301 et
976 3238 1173 3301 etiam
1252 3238 1754 3319 confirmandaS,
1829 3238 2255 3303 absolventes
2332 3257 2449 3309 ,eos
2521 3238 2889 3329 perpetuis

477 3340 885 3422 temporibus
933 3360 974 3405 a
1020 3340 1401 3407 dationibus
1465 3361 1582 3407 seu
1647 3342 2086 3409 solutionibus
2147 3342 2482 3426 generalis
2545 3342 2866 3409 collectae

480 3448 728 3529 regiae,
790 3463 958 3525 quae
1018 3446 1219 3528 vulgo
1283 3448 1493 3511 berna
1557 3446 1834 3528 dicitur,
1881 3451 1951 3510 et
2005 3446 2308 3512 volentes
2372 3446 2667 3514 servitiis
2724 3446 2866 3512 suis

479 3556 548 3616 et
616 3550 951 3633 subsidiiS,
1020 3568 1190 3630 quae
1258 3550 1513 3615 servire
1582 3570 1662 3616 ac
1732 3552 1892 3616 dare
1957 3556 2448 3617 consueverunt
2517 3552 2867 3633 hactenuS,

478 3654 775 3737 gratiose
821 3654 891 3720 in
936 3660 1272 3734 posterum
1321 3653 1716 3719 contentari.

686 3758 1107 3824 Praedictam
1154 3776 1415 3838 quoque
1460 3764 1712 3823 terram
1760 3750 2486 3825 Wratislaviensem'et
2517 3759 2867 3825 universos

482 3863 625 3929 eius
692 3863 947 3928 incolas
1004 3862 1075 3927 in
1134 3862 1541 3942 quibuslibet
1597 3862 1796 3928 iustis
1859 3865 2079 3929 causis
2141 3868 2378 3930 contra
2439 3880 2866 3943 quascunque

480 3985 820 4050 personas,
867 3966 1202 4032 seculares
1266 3972 1337 4030 et
1398 3968 1912 4049 ecclesiasticaS,
1958 3968 2292 4049 principes
2355 3984 2434 4035 ac
2499 3966 2866 4049 principum

479 4072 798 4154 subditOS‚
843 4088 1045 4151 super
1091 4070 1599 4152 hereditatibuS,
1648 4072 1893 4139 debitis
1943 4073 2048 4139 vel
2082 4072 2291 4153 culpis
2331 4072 2479 4136 aliis
2513 4070 2870 4139 confovere

482 4176 763 4241 ubilibet
810 4174 1148 4255 potentiae
1196 4180 1468 4241 nostrae
1516 4177 1798 4242 dextera
1843 4178 2272 4257 disponentes
2311 4176 2647 4258 praefatos
2679 4176 2866 4243 cives

481 4279 1074 4348 wratislavienses
1120 4298 1199 4344 ac
1248 4278 1450 4345 etiam
1496 4280 1969 4347 Noviforenses
2025 4300 2148 4346 nec
2210 4298 2341 4345 non
2389 4280 2592 4345 totius
2637 4286 2866 4346 terrae
