3288 4973
1392 339 1784 400 -403-

389 542 590 624 minii,
638 543 809 622 quod
856 541 987 608 sibi
1034 542 1100 608 in
1148 561 1265 608 nos
1327 548 1394 607 et
1450 547 1756 608 caeteros
1822 539 2154 622 principes
2220 557 2300 604 ac
2361 538 2782 618 principatus

389 664 509 713 seu
553 647 837 711 ducatus
884 644 1197 712 Poloniae
1245 646 1373 710 rite
1422 645 1761 728 competit,
1823 643 2090 726 plenum
2153 649 2225 708 et
2286 641 2614 708 notorium
2669 644 2785 725 jus

388 750 638 816 habeat
683 749 750 814 in
796 755 867 815 et
914 767 1115 830 super
1182 748 1588 832 Bytumiensi
1644 753 1714 814 et
1760 747 2060 814 Coslensi
2121 746 2479 813 ducatibus
2539 754 2613 810 et
2671 748 2788 812 do-

388 854 608 920 miniis
665 854 750 918 ad
806 855 1070 918 eosdem
1129 854 1615 934 spectantibus,
1679 860 1750 920 et
1811 851 2010 918 iidem
2071 853 2361 916 ducatus
2422 852 2510 916 ad
2566 851 2786 932 ipsum

388 962 722 1038 tamquam
770 975 992 1038 regem
1038 957 1112 1023 B.
1160 964 1230 1024 et
1263 958 1594 1024 dominum
1629 961 1932 1023 nostrum
1963 973 2084 1038 per
2111 967 2390 1020 mortem
2422 950 2787 1020 illustrium

390 1061 781 1143 principum,
825 1061 1063 1128 ducum
1110 1061 1640 1148 Bytumiensium
1686 1067 1758 1126 et
1805 1059 2236 1140 Goslensium,
2283 1058 2497 1140 patris
2545 1065 2616 1124 et
2643 1059 2785 1140 filii,

388 1166 499 1246 qui
545 1170 766 1231 terras
812 1166 1077 1232 easdem
1127 1171 1197 1230 et
1244 1167 1531 1230 ducatus
1578 1183 1619 1230 a
1665 1163 1974 1247 praefato
2021 1163 2284 1230 domino
2331 1171 2560 1228 nostro
2613 1169 2781 1229 tam·

390 1288 585 1350 quam
631 1287 788 1352 rege
839 1271 909 1335 B.
956 1287 1210 1336 necnon
1272 1272 1357 1335 ab
1417 1270 1632 1352 ipsius
1694 1267 1884 1349 regni
1946 1267 2021 1332 B.
2085 1285 2328 1332 corona
2388 1266 2454 1330 in
2516 1266 2782 1332 feodum

387 1373 687 1439 tenuisse
736 1380 1117 1450 noscuntur,
1164 1375 1300 1441 sint
1337 1377 1490 1458 jure
1538 1373 1871 1439 communi
1915 1378 1985 1438 et
2030 1375 2404 1454 approbata
2451 1377 2780 1436 terrarum

388 1477 702 1544 Poloniae
747 1477 1070 1544 laudabili
1116 1477 1598 1545 consuetudine
1642 1479 1726 1543 de
1775 1483 1966 1542 certa
2010 1485 2242 1541 nostra
2287 1475 2576 1541 scientia
2619 1475 2781 1558 legi-

386 1581 548 1646 time
598 1581 897 1647 devoluti
944 1599 1023 1646 ac
1068 1583 1155 1646 ad
1200 1583 1415 1662 ipsum
1462 1582 1651 1647 velut
1695 1579 1874 1647 feodi
1920 1579 2250 1646 dominum
2297 1586 2630 1659 tamquam
2667 1597 2783 1646 res

379 1687 562 1769 ,iusto
596 1686 793 1752 titulo
826 1687 1204 1769 devolutae,
1236 1687 1411 1752 sicut
1450 1683 1923 1768 praemittitur,
1959 1683 2344 1764 pertineant
2373 1685 2567 1764 pleno
2596 1684 2782 1766 jure:

386 1797 610 1855 tamen
657 1789 1003 1872 praefatus
1052 1791 1353 1892 dominus
1416 1796 1652 1856 noster
1713 1807 1794 1856 ex
1841 1789 2116 1856 innatae
2159 1788 2291 1855 sibi
2336 1787 2780 1868 benignitatis

389 1893 605 1960 officio
666 1901 737 1960 et
792 1895 1074 1976 gratiosi
1139 1894 1395 1960 favoris
1459 1892 1921 1961 munificentia
1982 1892 2172 1958 nobis
2241 1891 2536 1974 indulsit,
2603 1893 2778 1972 quod

387 1997 568 2063 inter
612 2014 735 2064 nos
779 2004 1005 2064 mutuo
1054 2001 1135 2064 de
1175 1998 1441 2083 juribus
1488 1999 1681 2064 nobis
1727 1997 2262 2080 competentibus
2307 1995 2601 2077 expe-riri
2633 2015 2780 2077 pos-

390 2102 593 2168 simus
642 2109 711 2168 et
758 2121 960 2184 super
1005 2101 1207 2169 terris
1270 2102 1520 2168 eisdem
1566 2118 1688 2166 seu
1736 2100 2090 2166 ducatibus
2139 2100 2312 2166 viam
2361 2097 2779 2166 diffinitionis

389 2225 508 2272 seu
556 2206 1054 2288 compositionis
1100 2205 1434 2288 amplecti,
1472 2205 1743 2290 justitia
1789 2205 1898 2272 vel
1944 2221 2188 2272 amore.

598 2311 734 2376 Nos
782 2312 989 2393 igitur
1035 2312 1464 2378 considerata
1508 2321 1651 2376 tam
1682 2309 2038 2392 singularis
2077 2307 2510 2390 benignitatis
2540 2308 2782 2391 gratia,

391 2433 565 2496 quae
610 2416 911 2483 dominus
959 2421 1188 2482 noster
1248 2414 1633 2498 praedictus
1697 2415 1991 2479 cedendo
2045 2413 2186 2497 juri
2248 2430 2368 2478 suo
2431 2413 2780 2495 praedicto

392 2518 540 2601 sibi,
587 2528 661 2585 ut
706 2521 1180 2605 praemittitur,
1243 2520 1500 2586 notorie
1548 2518 1978 2601 competenti,
2030 2536 2170 2600 1108,
2217 2524 2466 2583 statum
2513 2523 2586 2582 et
2629 2536 2782 2583 con-

392 2622 711 2691 ditionem
760 2631 1052 2691 nostram
1099 2624 1405 2690 favorose
1452 2616 1918 2707 prosequitur,
1943 2641 2028 2687 ne
2075 2628 2214 2687 tam
2258 2620 2540 2703 insignis
2585 2627 2782 2687 actus

392 2728 730 2809 gratiosae
774 2729 1053 2798 virtutis
1102 2729 1244 2794 luat
1290 2728 1708 2809 dispendium
1754 2732 1874 2793 aut
1917 2726 2048 2792 sibi
2091 2726 2201 2793 vel
2234 2726 2372 2792 suis
2403 2726 2788 2809 heredibuS,

388 2831 465 2897 B.
524 2833 809 2918 regibus,
870 2834 1149 2899 dominis
1211 2832 1480 2914 nostris,
1547 2830 1618 2896 in
1679 2834 1986 2898 damnum
2047 2831 2418 2914 proveniat,
2478 2850 2652 2912 quae
2709 2831 2782 2895 in

388 2954 510 3000 nos
588 2936 1039 3023 munificentia
1112 2936 1377 3002 liberali
1452 2934 1834 3001 distribuit:
1925 2938 2398 3016 protestamur,
2479 2935 2783 3017 dicimuS,

388 3042 920 3121 recognoscimus
969 3046 1039 3107 et
1084 3043 1169 3107 ad
1216 3039 1547 3122 publicam
1610 3039 1896 3105 omnium
1953 3038 2380 3120 perducimus
2425 3039 2788 3121 notionem,

392 3146 565 3223 quod
629 3163 711 3211 ex
757 3146 1127 3229 hujusmodi
1190 3144 1491 3211 cessione
1552 3144 1873 3227 gratiosa,
1933 3160 2104 3223 quae
2169 3145 2250 3208 de
2311 3128 2476 3207 meri
2527 3142 2784 3209 favoris

390 3250 645 3331 pietate
692 3252 1039 3335 processit,
1084 3252 1335 3317 nullum
1373 3250 1681 3333 praefato
1715 3251 1974 3316 domino
2008 3256 2258 3331 nostro,
2289 3249 2430 3331 regi
2465 3250 2556 3331 B„
2589 3249 2782 3314 here-

391 3354 582 3419 dibus
644 3363 714 3421 et
760 3355 1257 3421 successoribus
1316 3354 1474 3436 81118,
1536 3355 1610 3420 Β.
1672 3354 1964 3439 regibuS,
2032 3352 2313 3419 dominis
2375 3353 2648 3433 nostriS,
2707 3358 2784 3417 et

390 3458 684 3538 ejusdem
753 3460 941 3541 regni
1008 3477 1293 3524 coronae
1356 3457 1536 3525 circa
1592 3456 1853 3523 futuras
1919 3457 2378 3525 devolutioncs
2447 3462 2782 3521 terrarum

388 3568 784 3647 nostrarum,
828 3564 1339 3645 principatuum,
1372 3564 1731 3628 ducatuum
1763 3569 1834 3627 et
1866 3560 2424 3642 pertinentiarum
2465 3578 2774 3639 quarum·

389 3667 573 3751 libet,
619 3669 927 3749 quotiens
960 3670 1223 3734 eosdem
1256 3686 1375 3733 seu
1416 3668 1683 3732 easdem
1713 3666 1784 3731 in
1817 3684 1979 3731 casu
2011 3664 2208 3731 simili
2240 3665 2349 3730 vel
2379 3663 2509 3730 alio
2544 3666 2780 3745 quovis

388 3771 684 3853 legitimo
731 3774 927 3839 titulo
974 3790 1219 3837 vacare
1281 3770 1646 3853 continget,
1707 3770 1921 3851 possit
1983 3786 2104 3835 seu
2164 3770 2408 3835 debeat
2470 3769 2777 3833 damnum

391 3896 509 3942 seu
556 3878 1035 3961 praejudicium
1083 3876 1411 3960 generari.

599 3982 1063 4049 Praesentium
1112 3989 1240 4047 etc.

598 4105 841 4170 Actum
889 4105 1149 4186 Pragae
1194 4122 1259 4170 a.
1304 4102 1383 4167 D.
1439 4106 1622 4183 1355,
1687 4102 1969 4167 sabbato
2033 4099 2328 4179 proximo
2391 4104 2546 4179 post
2611 4097 2780 4164 diem

391 4208 454 4273 S.
503 4209 909 4276 Wenceslai.

598 4328 1023 4415 (Gritnhaqen
1070 4326 1155 4392 II.
1200 4328 1347 4395 422.
1394 4364 1479 4375 —
1528 4322 1791 4389 Brcmdl
1845 4322 2017 4388 VIII.
2073 4320 2250 4410 318.)
