3288 4973
60 8 124 12 *-
157 6 986 62 '--Ww=vrrv—->·-
1043 8 1054 11 ”
1083 8 1092 10 “

289 45 388 71 ⁴-n’
477 47 500 59 n
545 47 565 62 q
636 39 644 51 ³
877 36 885 43 '

352 80 370 96 q
652 71 662 81 υ

1394 368 1782 441 -223-·

598 573 925 649 Similiter
960 577 1165 649 etiam
1206 584 1461 652 nobiles
1492 574 1718 651 terrae
1753 590 1822 650 et
1853 576 2160 653 consules
2193 574 2494 649 civitatis
2527 574 2778 649 Wrati-

388 684 763 768 slaviensi8‚
811 706 928 753 suo
977 694 1047 754 et
1094 688 1394 755 civitatis
1453 708 1532 753 ac
1592 688 2062 755 universitatis
2124 688 2418 773 ejusdem
2480 684 2780 754 civitatis

387 790 671 871 nomine,
716 789 785 855 in
830 798 1061 857 nostra
1115 792 1501 874 praesentia
1550 792 1919 873 constituti,
1965 799 2200 873 sponte
2249 796 2780 875 recognoverunt

386 898 457 958 et
504 893 773 975 publice
820 902 975 961 sunt
1021 895 1326 979 confessi,
1374 917 1432 979 p.
1478 916 1556 963 m.
1605 898 1985 977 Henricum,
2035 902 2290 961 sextum
2352 899 2420 961 et
2479 894 2779 961 ultimum

382 996 541 1063 olim
601 1000 831 1065 ducem
892 1000 1534 1083 wratislaviensem,
1576 1001 1794 1081 ipsius
1841 1002 2122 1067 ducatus
2176 1000 2391 1065 Wrat.
2447 1000 2777 1065 dominum

384 1101 888 1187 hereditarium,
914 1104 1260 1171 civitatem
1288 1106 1499 1170 Wrat.
1524 1112 1595 1171 et
1627 1107 1938 1171 ducatum
1964 1103 2173 1186 ipsius
2199 1123 2342 1169 cum
2371 1122 2491 1169 suo
2515 1105 2781 1188 honore,

374 1204 851 1284 jurisdictione
899 1215 969 1274 et
1014 1208 1325 1273 districtu
1368 1207 1576 1273 eidem
1612 1209 1874 1276 domino
1907 1207 2049 1292 regi
2086 1211 2387 1291 donasse,
2420 1208 2778 1275 tradidisse

381 1318 452 1375 et
500 1312 791 1377 cessisse
837 1320 1075 1393 sponte
1122 1318 1192 1377 et
1236 1313 1447 1379 libere
1493 1316 1575 1379 de
1624 1312 1868 1378 eisdem
1921 1331 2038 1394 per
2084 1330 2306 1393 regem
2363 1312 2774 1393 praedictum

379 1419 451 1479 et
498 1416 789 1481 heredes
848 1414 1157 1498 ipsorum,
1217 1435 1349 1483 non
1408 1417 1764 1483 dividendo
1827 1434 1907 1481 ea
1953 1434 1994 1481 a
2041 1434 2244 1497 regno
2301 1416 2608 1483 Boemiae
2658 1435 2777 1484 seu

378 1535 632 1584 corona
663 1519 851 1601 regni
881 1518 1190 1603 eiusdem,
1222 1530 1545 1603 perpetuo
1578 1520 2015 1602 possidenda3
2047 1536 2270 1600 seque,
2297 1519 2776 1587 universitates

378 1627 448 1687 et
472 1622 855 1705 singulares
882 1642 1201 1705 personas
1226 1624 1525 1691 civitatis
1552 1632 1623 1689 et
1647 1625 1922 1691 aliorum
1956 1624 2343 1706 oppidorum
2378 1642 2458 1689 ac
2489 1625 2772 1690 locorum

376 1727 545 1793 dicti
595 1726 807 1795 Wrat.
850 1728 1133 1794 ducatus
1168 1728 1381 1794 eidem
1414 1730 1674 1795 domino
1705 1728 1974 1811 Joanni,
2007 1728 2151 1811 regi
2186 1728 2496 1794 Boemiae
2537 1732 2607 1793 et
2637 1728 2775 1793 suis

376 1831 763 1913 heredibus,
794 1850 1023 1898 verum
1058 1838 1127 1899 et
1158 1834 1353 1899 fidele
1397 1832 1768 1915 homagium
1813 1831 2262 1915 praestitisse,
2309 1832 2776 1914 promittentes

372 1936 679 2017 firmiter,
743 1939 915 2017 quod
970 1938 1237 2020 regibus
1298 1944 1369 2003 et
1415 1956 1699 2004 coronae
1761 1938 1949 2021 regni
2009 1937 2318 2003 Boemiae
2382 1935 2774 2017 homagium,

372 2040 573 2105 fidem
622 2048 691 2105 et
731 2042 1114 2125 juramenta
1158 2042 1507 2109 fidelitatis
1540 2062 1662 2124 per
1693 2043 1874 2125 ipsos
1907 2042 2235 2123 praestita
2269 2040 2480 2107 eidem
2511 2040 2772 2107 domiuo

370 2144 515 2227 regi
565 2160 645 2208 ac
690 2143 831 2210 suis
879 2145 1237 2211 heredibus
1283 2153 1607 2228 perpetuo
1656 2145 1946 2213 fideliter
1983 2147 2460 2213 observabunt.

588 2248 813 2331 Quare
860 2248 1195 2315 excellens
1246 2250 1573 2333 princepS,
1621 2252 1680 2316 d.
1727 2251 2024 2329 CaroluS,
2073 2250 2366 2316 marchio
2413 2250 2498 2316 M.
2534 2249 2770 2329 primo·

366 2351 637 2431 genitus
686 2352 851 2417 dicti
894 2353 1091 2437 regis,
1140 2356 1251 2434 qui
1298 2354 1666 2437 praedictis
1729 2353 2172 2436 recognitioni
2233 2360 2303 2419 et
2365 2350 2762 2420 confessioni

368 2454 569 2522 affuit
616 2474 834 2524 coram
880 2457 1089 2540 nobiS,
1136 2478 1177 2524 a
1221 2460 1410 2527 nobis
1458 2460 1797 2526 instanter
1858 2458 2224 2540 postulans
2271 2462 2346 2524 ut
2391 2456 2520 2524 sibi
2567 2474 2769 2539 super

368 2563 627 2626 eisdem
701 2562 1266 2644 recognitionibus
1341 2570 1413 2631 et
1488 2562 2016 2630 confessionibus
2110 2566 2376 2628 nostras
2460 2564 2768 2628 daremus

368 2665 861 2734 testimoniales
930 2665 1182 2750 literaS,
1252 2673 1321 2734 et
1380 2668 1804 2735 nihilominus
1868 2668 1926 2732 si
1986 2666 2272 2747 aliquem
2335 2665 2446 2732 vel
2504 2665 2768 2746 aliquos·

368 2771 450 2834 de
524 2770 893 2850 praedictis
973 2770 1199 2838 venire
1274 2778 1509 2838 contra
1584 2772 1968 2854 religionem
2023 2770 2382 2856 ¹juramenti
2452 2767 2764 2852 praestiti

369 2875 793 2956 contingeret
840 2874 909 2940 in
938 2873 1253 2958 futurum,
1288 2876 1467 2957 ipsos
1500 2879 1586 2942 ad
1616 2875 2149 2942 observationem
2186 2873 2556 2940 huiusmodi
2579 2875 2761 2958 jura-

367 2979 581 3045 menti
627 2979 1025 3062 compellere
1072 2999 1193 3062 per
1240 2997 1590 3047 censuram
1629 2979 2156 3048 ecclesiasticam
2190 2996 2592 3046 curaremus,
2625 2977 2758 3045 Nos

366 3083 577 3165 igitur
608 3102 929 3166 personas
962 3089 1097 3150 tam
1130 3085 1307 3166 regis
1340 3101 1529 3165 quam
1578 3084 1996 3166 primogeniti
2030 3082 2520 3165 praedictorum
2553 3082 2762 3164 speci-

366 3188 585 3255 alibus
612 3187 954 3256 favoribus
976 3194 1476 3272 prosequentes,
1498 3189 1678 3256 dicto
1699 3191 1757 3254 d.
1779 3189 2014 3255 Carolo
2035 3187 2401 3255 marchioni
2420 3187 2761 3270 praesenti

369 3298 439 3358 et
494 3297 576 3377 d.,
638 3292 924 3375 genitori
986 3313 1102 3360 suo
1164 3293 1327 3377 regi,
1387 3294 1669 3376 absenti,
1729 3295 1814 3360 de
1875 3292 2148 3358 consilio
2211 3290 2424 3356 nostri
2485 3290 2764 3373 capituli

366 3397 821 3478 promittimus
866 3391 949 3464 et'
982 3401 1399 3480 spondemuS,
1446 3417 1563 3481 pro
1612 3398 1802 3465 nobis
1851 3403 1919 3462 et
1961 3395 2459 3462 successoribus
2491 3395 2760 3478 nostris,

365 3505 542 3583 'quod
590 3502 651 3568 si
712 3501 859 3583 quis
923 3506 1161 3569 ducum
1222 3504 1731 3585 praedictorum,
1791 3502 2108 3568 heredum
2170 3506 2239 3567 et
2299 3518 2756 3568 successorum

366 3607 571 3692 (quod
638 3625 768 3673 non
814 3608 1171 3692 credimus)
1237 3608 1431 3674 fieret
1494 3608 1561 3673 in
1621 3605 1918 3672 futurum
1977 3611 2440 3688 transgressor
2506 3603 2755 3685 proprii

356 3711 744 3795 juramenti,
809 3729 931 3778 nos
999 3711 1214 3793 ipsum
1276 3713 1382 3777 vel
1444 3711 1623 3793 ipsos
1685 3712 1770 3777 ad
1833 3708 2407 3776 conservationem
2471 3707 2626 3773 fidei
2686 3712 2755 3772 et

358 3815 726 3900 juramenti
768 3835 891 3898 per
937 3834 1284 3882 censuram
1329 3814 1856 3882 ecclesiasticam
1891 3816 1976 3880 ad
2017 3812 2514 3894 requisitionem
2545 3811 2753 3878 dicto-

363 3939 507 3986 rum
556 3921 964 3987 dominorum
1010 3923 1185 4005 regis
1233 3926 1301 3986 et
1348 3919 1766 4002 marchionis,
1815 3924 2162 4001 postquam
2195 3917 2386 3984 nobis
2418 3919 2499 3983 de
2534 3923 2751 3982 trans·

363 4025 708 4107 gressione
755 4026 1128 4092 huiusmodi
1176 4025 1560 4092 constiterit
1604 4023 1923 4108 legitime,
1960 4022 2443 4104 compellemus.

571 4130 859 4211 Insuper
903 4149 1048 4196 cum
1091 4131 1273 4197 dicto
1321 4131 1379 4197 d.
1427 4129 1830 4211 marchione,
1878 4129 2024 4194 vice
2057 4128 2244 4211 regia
2278 4133 2346 4192 et
2377 4145 2517 4208 sua,
2549 4125 2751 4191 talem

363 4233 675 4300 inivimus
723 4234 1115 4300 concordiae
1162 4235 1489 4314 unionem,
1536 4235 1713 4314 quod
1758 4251 1876 4300 nos
1925 4231 2085 4297 nulli
2132 4231 2273 4313 regi
2319 4232 2426 4296 vel
2467 4229 2751 4312 principi

363 4338 545 4420 ipsos
591 4338 976 4420 impugnare
1022 4340 1293 4423 volenti,
1338 4347 1571 4405 contra
1617 4338 1816 4420 ipsoS,
1863 4335 2158 4402 dominos
2205 4353 2432 4419 regem
2478 4339 2547 4401 et
2579 4355 2748 4400 mar-
