3288 4973
1539 334 1931 396 -202—

545 541 824 606 dendum
872 539 1138 605 easdem
1183 543 1418 604 contra
1477 536 1816 619 praefatos
1864 537 2179 621 dominos,
2228 543 2485 619 patrem
2531 543 2599 602 et
2648 535 2921 601 fratrem

547 650 828 725 nostrOS,
873 661 992 724 pro
1039 641 1295 710 viribus
1343 641 1682 724 adjuvare.

753 749 825 813 Si
893 763 1052 812 vero
1129 745 1304 812 idem
1379 745 1680 812 dominus
1758 765 1875 811 rex
1944 746 2281 829 ngariae
2350 750 2571 810 terras
2638 743 2927 824 ipsorum

542 851 850 918 similiter
877 853 1354 918 devastaturus
1385 850 1707 916 intraret:
1758 856 2003 917 extunc
2051 869 2168 932 pro
2216 847 2603 916 defensione
2636 847 2929 928 ipsarum

545 961 872 1022 terrarum
919 972 1183 1020 suarum
1230 972 1374 1020 cum
1422 953 1604 1036 ipsis,
1653 960 1971 1036 tanquam
2016 955 2192 1021 filius
2238 959 2309 1019 et
2353 953 2588 1034 frater,
2630 955 2929 1034 prompte

543 1065 616 1126 et
639 1063 1031 1126 const-anter
1052 1059 1375 1125 stabimus
1397 1063 1470 1125 et
1493 1059 1673 1140 ipsos
1706 1059 2078 1126 iuvabimus
2112 1063 2250 1125 toto
2284 1057 2524 1132 virium
2556 1061 2931 1122 nostrarum

543 1162 830 1230 omnium
877 1167 1249 1246 potentatu.

751 1267 831 1333 In
876 1284 1151 1348 quorum
1197 1267 1480 1333 omnium
1531 1267 1985 1334 testimonium
2033 1273 2425 1350 praesentes
2471 1265 2737 1330 litteras
2788 1263 2934 1332 fieri

543 1377 614 1438 et
661 1370 1022 1453 sigillorum
1067 1375 1446 1436 nostrorum
1492 1369 1848 1437 munimine
1894 1371 2207 1437 iussimus
2255 1369 2572 1436 roborari.

753 1476 998 1542 Actum
1043 1475 1302 1558 Pragae
1351 1477 1819 1556 praesentibus
1874 1474 2243 1542 venerabili
2290 1475 2549 1541 domino
2604 1473 2937 1552 ,Iohanne

543 1579 854 1664 episcopo
880 1578 1318 1661 olomucensi,
1341 1598 1421 1644 ac
1447 1578 1819 1647 illustribus
1845 1579 2276 1664 principibus,
2305 1578 2585 1646 dominis
2619 1576 2935 1644 Bolezlao

543 1687 711 1750 duce
769 1683 1032 1750 Sleziae
1095 1691 1162 1748 et
1223 1683 1482 1749 domino
1539 1683 1948 1769 Lignicensi,
2006 1686 2304 1751 Bolkone
2366 1680 2805 1749 Swidnicensi
2866 1685 2937 1746 et

543 1788 818 1855 Nicolao
866 1785 1209 1870 Oppaviae
1271 1793 1342 1853 et
1403 1787 1839 1857 Rathiboriae
1899 1790 2195 1872 ducibus,
2258 1807 2381 1854 nec
2434 1805 2563 1853 non
2624 1785 2936 1852 fidelibus

545 1892 792 1958 nostris
838 1891 1121 1975 dilectiS,
1169 1895 1560 1978 Heymanno
1607 1895 1691 1960 de
1741 1895 1949 1978 Uuba,
1996 1895 2257 1961 domino
2305 1893 2372 1958 in
2420 1891 2713 1972 Nachod,
2748 1891 2933 1956 dicto

542 1997 746 2078 Base,
791 1993 1094 2064 Hincone
1140 1996 1318 2063 dicto
1367 1995 1706 2080 Hlawacz,
1749 1998 2049 2065 ‹leskone
2112 1997 2291 2064 dicto
2350 1995 2527 2079 Iura,
2583 1997 2929 2061 subcame-

545 2100 722 2165 rario
783 2100 1232 2183 Oracoviensi,
1297 2101 1586 2167 -Jescone
1656 2108 1977 2168 venatore
2046 2100 2493 2174 Oracoviensi,
2562 2095 2933 2166 Maczkone

544 2203 896 2270 Berkwiez
922 2203 1290 2270 castellano
1317 2205 1671 2287 handensi,
1704 2212 1773 2271 et
1800 2211 2060 2290 Segneo
2088 2205 2467 2288 praeposito
2492 2205 2556 2269 S.
2584 2201 2935 2269 Michaelis

545 2307 614 2388 in
661 2311 882 2374 castro
931 2307 1378 2392 cracoviensi,
1424 2310 1979 2378 vicecancellario
2026 2310 2251 2376 curiae
2299 2293 2588 2390 nostrae,
2636 2309 2935 2374 testibus

545 2412 630 2477 ad
677 2412 1044 2493 praemissa
1087 2413 1345 2480 vocatis
1394 2413 1652 2497 pariter
1696 2423 1765 2480 et
1804 2415 2138 2498 assumtiS,
2168 2432 2442 2496 quorum
2477 2414 2679 2478 etiam
2710 2412 2937 2495 sigilla

547 2516 1013 2597 praesentibus
1062 2520 1145 2584 ad
1191 2519 1504 2585 maiorem
1553 2521 1965 2588 evidenciam
2012 2534 2167 2585 sunt
2198 2538 2515 2601 appensa.

755 2690 1000 2757 Datum
1045 2710 1103 2757 a.
1150 2693 1228 2757 D.
1281 2698 1440 2759 1341
1494 2695 1560 2759 in
1607 2694 1716 2760 die
1766 2697 1822 2760 b.
1872 2694 2297 2777 Margaretae
2357 2692 2523 2777 virg.
2583 2691 2937 2777 gloriosae.

757 2862 967 2950 (Oriy.
1017 2887 1066 2935 c.
1105 2886 1158 2932 r.
1193 2868 1367 2937 arch.
1397 2866 1531 2935 aul.
1579 2866 2095 2935 Vindobonemis.
2128 2904 2208 2917 -—
2242 2864 2465 2952 Chytil
2506 2864 2595 2930 VI
2598 2865 2643 2933 l.
2670 2866 2817 2934 333.
2850 2902 2939 2913 --

549 2965 764 3030 Emler
811 2966 850 3029 I
857 2966 924 3036 V.
967 2969 1150 3056 957.)

757 3248 903 3314 183.
937 3244 1233 3315 Foedus
1267 3245 1647 3315 amicitiae
1686 3247 1882 3315 inter
1914 3246 2387 3316 Kazimirum
2424 3266 2681 3332 regem
2714 3244 2938 3316 Polo-

549 3345 718 3417 niae
766 3350 841 3418 et
888 3348 1240 3418 Cal-olum
1287 3348 1794 3419 niarchionem
1847 3350 2274 3419 roboratur.

1435 3509 1628 3589 1341,
1678 3510 1784 3575 13.
1833 3506 1883 3577 J
1889 3506 2053 3575 ulii.

753 3670 890 3737 Nos
935 3670 1309 3738 Kazimirus
1357 3673 1436 3738 D.
1483 3694 1576 3755 gr.
1623 3694 1744 3741 rex
1791 3674 2103 3741 Poloniae
2152 3682 2278 3739 etc.
2324 3676 2431 3741 Ad
2470 3673 2933 3740 universorum

549 3774 851 3840 notitiam
920 3783 1152 3843 tenme
1220 3778 1668 3859 praesentium
1738 3780 2034 3845 volumus
2104 3778 2473 3862 pervenire,
2540 3780 2713 3858 quod
2783 3797 2935 3845 cum

547 3878 1011 3946 serenissimus
1074 3883 1399 3963 princepS,
1462 3883 1522 3949 d.
1583 3884 1929 3949 Johannes
1996 3902 2113 3949 rex
2178 3884 2249 3949 B.
2315 3901 2533 3949 comes
2598 3884 2691 3965 L.,
2737 3888 2811 3948 et
2876 3886 2941 3949 d.

550 3983 845 4067 CaroluS,
907 3984 1378 4066 primogenitus
1440 3986 1600 4069 eiuS,
1664 3987 1957 4053 marchio
2012 3988 2371 4071 Moraviae,
2417 3986 2668 4053 fratres
2716 3988 2938 4054 nostri

550 4087 894 4171 carissimi,
939 4089 1252 4173 inclytam
1307 4092 1753 4173 Margaretam
1798 4093 2201 4159 comitissam
2238 4090 2647 4173 palatinatus
2695 4090 2937 4175 Rheni,

551 4192 878 4258 ducissam
933 4194 1353 4277 Bavarorum,
1401 4194 1564 4261 dicti
1612 4196 1857 4261 domini
1904 4197 2081 4277 regis
2130 4196 2327 4262 filiam
2374 4214 2453 4262 ac
2484 4194 2733 4261 domini
2764 4214 2943 4262 mar·

549 4296 804 4363 chionis
873 4315 1160 4363 sororem
1227 4298 1443 4365 felicis
1505 4302 1879 4384 memoriae,
1950 4302 2189 4366 dudum
2250 4298 2511 4365 nomine
2572 4298 2939 4366 iuramenti
