3288 4973
1302 384 1692 443 -371-

292 588 537 654 liberos
584 594 655 652 et
701 586 955 667 quittos
1014 586 1408 653 dimittimus
1455 591 1527 653 et
1573 585 1843 668 penitus
1887 586 2255 665 absolutoS,
2304 586 2693 652 nominatim

294 696 357 759 et
406 710 727 775 expresse
774 692 962 759 cives
1010 691 1507 758 Swidnicenses
1556 708 1678 756 seu
1723 690 1890 757 alios
1939 708 2364 770 quoscunque
2394 690 2694 757 homines

291 799 573 863 ducatus
622 797 943 881 ejusdem,
991 798 1074 861 ab
1124 797 1425 862 omnibus
1468 794 1832 878 promissis
1872 812 2043 875 quae
2077 796 2426 861 occasione
2457 795 2693 861 talium

290 900 663 968 debitorum
726 920 847 983 pro
922 887 1117 981 pai-te
1164 901 1352 967 ducis
1414 898 1707 983 praefati
1763 898 1903 978 regi
1970 898 2317 981 praedicto
2378 899 2694 965 Poloniae

288 1004 616 1089 fecerunt,
662 1022 827 1070 voce
874 1004 985 1070 vel
1030 1006 1305 1087 scripto,
1351 1003 1824 1085 praesentibus
1869 1002 2320 1071 absolventes

505 1109 795 1190 Insuper
838 1108 1303 1191 promittimus,
1349 1126 1471 1175 nos
1517 1106 1887 1175 efficaciter
1918 1106 2316 1189 obliganteS,
2351 1108 2694 1190 praedicto

290 1214 489 1281 fratri
552 1220 803 1297 nostro,
862 1212 1051 1281 Rom.
1114 1220 1187 1281 et
1248 1213 1323 1279 B.
1369 1214 1535 1298 regi,
1596 1212 1859 1279 omnino
1918 1211 2142 1278 facere
2208 1217 2280 1278 et
2310 1211 2697 1279 actualiter

290 1337 679 1402 procurare,
729 1319 903 1398 quod
949 1316 1297 1399 praefatus
1341 1317 1559 1384 frater
1602 1326 1854 1399 noster,
1900 1317 1973 1383 P.
2019 1334 2157 1400 rex,
2190 1316 2367 1383 infra
2399 1316 2693 1400 spacium
2751 1312 2759 1317 ”

292 1428 585 1505 quatuor
630 1421 953 1489 mensium
999 1440 1041 1488 a
1087 1424 1250 1488 data
1312 1421 1766 1504 praesentium
1823 1422 2410 1502 computandorum
2470 1421 2694 1505 hujus-

290 1526 463 1593 modi
518 1525 1024 1609 ordinationem,
1082 1524 1642 1607 compositionem,
1706 1520 2149 1607 do'nationem,
2196 1525 2564 1592 cessionem
2625 1532 2696 1592 et

292 1630 509 1698 omnia
554 1630 689 1697 alia
734 1636 805 1695 et
850 1630 1118 1713 singula
1163 1648 1285 1711 per
1331 1648 1449 1696 nos
1500 1629 1810 1695 ordinata
1857 1635 1928 1696 et
1973 1627 2179 1712 facta,
2241 1630 2489 1696 donata
2551 1632 2696 1697 sive

293 1753 503 1818 cessa,
553 1752 702 1800 cum
748 1734 927 1800 dicto
974 1732 1189 1799 fratre
1236 1739 1487 1817 nostro,
1538 1732 1617 1799 R.
1665 1739 1733 1799 et
1781 1734 1855 1799 B.
1903 1750 2084 1817 rege,
2145 1740 2377 1800 nostro
2425 1737 2693 1817 proprio

294 1845 361 1905 et
404 1840 703 1924 ejusdem
747 1837 982 1904 fratris
1030 1836 1263 1920 nostri,
1310 1836 1491 1921 regis
1543 1838 1633 1918 Ρ.,
1681 1837 1944 1903 nomine
1991 1846 2061 1902 et
2109 1839 2256 1903 vice
2310 1839 2694 1923 ratificabit,

291 1943 682 2027 acceptabit
726 1950 797 2007 et
842 1942 1245 2025 approbabit
1307 1948 1379 2006 et
1422 1941 1493 2007 in
1539 1942 1716 2008 nullo
1771 1941 2040 2022 penitus
2105 1941 2526 2008 contradicet
2585 1944 2695 2011 vel

288 2046 499 2115 faciet
546 2065 665 2115 seu
712 2048 914 2112 etiam
959 2044 1277 2127 deviabit,
1337 2044 1465 2109 imo
1514 2044 1881 2127 praedictis
1943 2046 2246 2112 omnibus
2293 2050 2364 2112 et
2410 2044 2692 2131 singulis

292 2171 363 2219 se
408 2150 883 2223 conformando
930 2168 1119 2215 suum
1168 2166 1514 2215 assensum
1560 2154 1631 2213 et
1677 2164 2068 2213 consensum
2131 2166 2453 2231 expresse
2505 2152 2690 2218 adhi-

289 2256 471 2323 bebit
518 2273 599 2321 ac
646 2272 850 2337 super
894 2253 1280 2335 praemissis
1328 2252 1539 2319 eidem
1596 2252 1796 2318 fratri
1858 2256 2106 2334 nostro,
2153 2253 2228 2320 R.
2278 2260 2350 2320 et
2398 2253 2472 2320 B.
2522 2257 2691 2339 regi,

290 2360 522 2426 literas
568 2378 726 2424 suas
786 2359 977 2424 dabit
1040 2364 1111 2423 et
1178 2356 1537 2439 exhibebit,
1596 2356 1896 2438 qualibet
1949 2357 2301 2423 occasione
2364 2358 2692 2443 relegata.

501 2462 579 2530 In
630 2480 903 2544 quorum
936 2513 953 2531 .
986 2516 999 2529 .
1030 2515 1046 2530 .

500 2585 747 2650 Datum
799 2584 1026 2650 Budae
1074 2601 1130 2648 a.
1180 2583 1260 2648 D.
1313 2588 1496 2664 1353,
1546 2582 1658 2649 VI.
1702 2582 1908 2665 Junii,
1959 2583 2156 2666 regni
2203 2591 2430 2650 autem
2475 2589 2689 2652 nostri

292 2688 703 2756 duodecimo.

495 2809 617 2894 (A.
676 2807 773 2878 K.
839 2843 921 2855 —
978 2807 1173 2874 Arca.
1232 2805 1299 2874 S.
1372 2805 1579 2873 Wenc.
1637 2844 1727 2854 —-
1787 2805 2068 2870 Goldast
2124 2809 2300 2892 App,
2366 2807 2534 2872 XLI,
2604 2847 2690 2860 ..-

290 2911 679 2998 Θνϋιιήαρεη
724 2912 776 2979 Ι.
822 2911 970 2977 332.
1017 2947 1105 2960 —-
1151 2909 1414 2976 Brandl
1469 2909 1639 2976 VIII.
1692 2910 1870 2996 209.)

493 3070 641 3137 334.
691 3064 1053 3137 Civitatis
1100 3065 1604 3136 Tekkendorf
1642 3067 2218 3155 impignoratio.

863 3189 1056 3272 1353,
1104 3190 1211 3257 19.
1260 3187 1500 3257 Junii.
1550 3187 2128 3276 (Tekkendorf.)

498 3311 609 3364 Der
647 3309 944 3364 Stadtrath
981 3323 1088 3364 von
1126 3309 1488 3364 Tekkendorf
1518 3309 1714 3378 gelobt
1751 3309 1854 3364 auf
1888 3310 2072 3364 befehl
2121 3310 2327 3379 herzog
2384 3311 2682 3368 Albrechts

288 3410 395 3452 von
434 3396 635 3450 Baiem
672 3395 797 3449 dem
832 3395 1039 3463 konige
1076 3393 1215 3450 Karl
1249 3395 1348 3451 IV.
1387 3398 1471 3450 als
1509 3395 1682 3464 pfaud
1731 3396 1823 3451 fur
1874 3399 2064 3451 30.000
2112 3396 2324 3465 gulden
2381 3398 2678 3466 gehorsam

286 3482 397 3536 und
440 3481 809 3550 unterthanig
847 3497 917 3536 zu
956 3481 1094 3538 sein.
2723 3485 2734 3498 ·

502 3587 721 3670 (Ao-ch.
766 3583 834 3654 S.
894 3586 1121 3671 Wenc.)

494 3745 643 3812 335.
693 3741 847 3812 Dos
893 3742 1260 3829 nuptialis
1308 3742 1662 3812 ducissae
1709 3741 2169 3830 Legnicensi
2217 3761 2449 3830 super
2495 3743 2680 3814 civi-

288 3848 457 3916 tate
500 3845 999 3916 Tekkendorf
1034 3846 1455 3933 assignata.

893 3960 1089 4045 1353,
1134 3963 1243 4028 19.
1290 3958 1530 4028 Junii.
1588 3935 2087 4045 (Passoviaess)

496 4079 761 4134 Albrecht
814 4079 1097 4147 pfalzgraf
1154 4081 1266 4134 und
1320 4079 1531 4149 herzog
1565 4081 1625 4134 in
1665 4081 1871 4135 Baiern
1908 4081 2102 4149 gelobt
2139 4080 2264 4134 dem
2301 4079 2367 4133 K.
2408 4077 2544 4134 Karl
2581 4081 2676 4135 IV.

290 4164 490 4218 dassen
540 4169 773 4235 mnhme,
830 4166 919 4220 die
978 4167 1243 4236 herzogin
1299 4182 1404 4220 von
1450 4167 1706 4236 Lignicz,
1745 4183 1844 4221 zur
1884 4166 1986 4221 ehe
2023 4181 2095 4220 zu
2132 4167 2370 4252 nehmen
2407 4169 2519 4222 und
2557 4183 2677 4223 ver-

290 4251 536 4307 schreibt
566 4254 656 4308 ihr
690 4255 882 4310 aomo
917 4253 1127 4321 gulden
1164 4252 1527 4324 morgengabe
1566 4253 1671 4308 auf
1703 4254 1801 4307 der
1839 4254 2006 4310 Stadt
2041 4268 2113 4308 zu
2151 4252 2522 4310 Tekkendorf.

501 4350 721 4436 (Arch.
768 4349 835 4417 S.
894 4349 1119 4434 Wenc.)

2370 4474 2468 4528 24*
