3288 4973
387 1569 537 1621 1306.

385 1658 535 1707 —07.

383 1830 535 1879 —10.

453 2032 520 2041 -η

1265 986 1893 1112 INDEX.

1481 1269 1687 1277 .—

585 1428 938 1501 Boemiae
983 1450 1326 1520 regnum.

592 1568 908 1639 Privilegia
945 1577 1080 1636 quot
1118 1576 1177 1623 et
1216 1588 1376 1638 qnae.

593 1656 833 1709 Collatio
888 1660 1052 1725 regni
1115 1658 1246 1712 filiis
1306 1660 1526 1715 Alberti

591 1742 744 1797 Rom.
783 1744 951 1812 regis.

587 1829 882 1883 Absolutio
935 1846 968 1883 a
1011 1830 1333 1897 juramento
1376 1834 1524 1887 Hen-

592 1916 706 1969 rico
746 1918 871 1985 regi
908 1918 1202 1983 praestito,

589 2004 836 2057 Joannes
888 2005 1117 2059 Hem-ici
1170 2006 1324 2060 Rom.
1372 2008 1524 2077 regis

590 2090 754 2157 filius,
794 2107 893 2145 rex
931 2093 1172 2146 futurus.

476 2246 898 2333 Temporibus
942 2246 1219 2314 Joanm's
1265 2254 1437 2339 reqis

381 2474 502 2526 131(
503 2478 532 2525 1.

701 2352 1208 2438 (1310—1346).

590 2472 915 2527 Libertate-s
968 2490 1140 2544 regno
1189 2482 1324 2529 ante
1371 2485 1522 2528 coro·

587 2561 872 2614 nationem
915 2562 1235 2626 promissae.

522 2690 532 2699 .
587 2649 726 2702 Jura
789 2656 848 2702 et.
903 2650 1334 2704 consuetudines
1396 2666 1522 2703 con-

591 2750 801 2808 cessae.

587 2821 690 2875 Jus
763 2823 913 2875 arch.
989 2825 1134 2894 Mog.
1209 2841 1400 2893 regem
1459 2827 1522 2878 B.

589 2909 906 2962 coronandi.

524 3037 532 3047 .
588 2994 932 3060 Explanatio
946 2996 1154 3064 jurium
1178 2999 1523 3053 interLudo-

589 3083 770 3135 vicum
815 3083 880 3136 R.
919 3099 961 3135 r.
999 3092 1059 3138 et
1094 3087 1383 3140 Joannem.

524 3211 532 3220 .
588 3168 991 3224 Promissiones
1045 3173 1315 3226 Ludovici
1370 3174 1431 3227 R.
1481 3191 1523 3228 r.

584 3264 713 3322 post
750 3259 966 3312 cladem
1005 3261 1454 3314 Muldorfensem.

526 3385 536 3394 .
593 3343 795 3397 Berua.

590 3429 710 3483 Pax
750 3439 808 3482 et
845 3433 974 3486 unio
1013 3449 1134 3486 cum
1173 3451 1307 3504 rege
1335 3435 1525 3505 Unge-

589 3517 706 3570 riae
748 3525 806 3571 et
845 3519 1076 3574 ducibus
1115 3523 1400 3576 Austriae.

524 3647 534 3657 .
591 3603 960 3658 Renuntiatio
1035 3607 1303 3674 Leopoldi
1367 3611 1523 3664 ducis

589 3694 874 3746 Austriae.

591 3779 732 3832 Unio
770 3797 892 3835 cum
932 3783 1171 3836 Henrico
1220 3785 1522 3840 Kariutiae

590 3869 746 3934 duce,
785 3869 916 3922 olim
954 3885 1089 3939 rege
1133 3871 1191 3923 B.

487 3956 535 4006 Γ,
589 3955 794 4008 Berua.

523 4083 532 4093 .
589 4041 734 4096 Unio
773 4059 894 4096 cum
932 4059 1068 4113 rege
1108 4045 1413 4113 Ungariae.

522 4171 532 4182 .
588 4129 808 4185 Foedus
899 4146 1022 4184 cum
1105 4131 1378 4186 fratribus
1456 4132 1523 4186 de

589 4216 746 4269 domo
771 4216 1083 4270 Teutonico.
1111 4225 1306 4272 contra
1332 4233 1524 4288 regem

586 4301 928 4358 Krakoviae.

589 4390 808 4444 Foedus
835 4407 959 4444 cum
983 4392 1212 4446 ducibus
1239 4391 1522 4446 Austriae.

1635 1438 1789 1489 1332.

1846 1436 2084 1490 Pactum
2147 1438 2391 1491 militare
2452 1454 2573 1491 cum
2630 1439 2779 1493 lant-

1844 1525 2042 1593 gravio
2082 1524 2449 1593 Thuringiae.

1845 1612 2150 1665 Concordia
2176 1628 2300 1665 cum
2326 1611 2609 1665 Ludovico
2641 1610 2778 1677 Imp.

1704 1726 1773 1735 —-
1828 1697 2094 1750 Amicitia
2110 1712 2233 1751 cum
2248 1696 2478 1751 ducibus
2496 1698 2778 1752 Austriae.

1632 1785 1786 1835 —35.

1631 2246 1769 2792 {illlis

1704 4247 1773 4257 Ι

1844 1784 2295 1837 Conventio'cum
2326 1798 2463 1853 rege
2492 1783 2776 1837 Poloniae.

1844 1869 2097 1924 Vidimus
2140 1871 2465 1925 litterarum
2506 1868 2779 1923 Ludovici

1841 1955 1994 2025 regis
2032 1972 2099 2010 ex
2142 1960 2290 2010 1314.

1840 2042 2209 2113 Renuntiatio
2274 2043 2390 2111 juri
2464 2049 2525 2095 et
2601 2042 2771 2096 titulo

1844 2131 1995 2198 regis
2034 2129 2319 2184 Poloniae.

1843 2216 2271 2269 Confoederatio
2292 2232 2413 2269 cum
2431 2230 2565 2283 rege
2586 2215 2775 2283 Ungu-

1842 2302 1977 2355 riae.

1840 2390 2100 2457 Treugae
2140 2406 2262 2443 cum
2302 2388 2583 2443 Ludovico
2634 2390 2771 2453 Imp.

1840 2476 2015 2546 Regis
2053 2477 2321 2532 Poloniae
2358 2476 2650 2546 obligatio.

1838 2565 1960 2618 Pax
1998 2582 2120 2619 cum
2158 2582 2222 2618 eo
2260 2565 2557 2619 servanda..

1840 2653 2211 2706 Renuntiatio
2246 2667 2438 2720 regno
2488 2650 2773 2704 Poloniae.

1774 2782 1783 2793 .
1840 2740 2058 2793 Foedus
2094 2739 2340 2792 militare
2375 2755 2499 2792 cum
2528 2737 2772 2802 archiep.

1843 2827 2214 2896 Magdeburg.

1842 2914 2141 2967 Coronatio
2179 2913 2431 2982 reginae.

1840 3000 1983 3053 Unio
2022 3017 2144 3054 cum
2192 3001 2389 3053 Carolo
2440 3013 2575 3066 rege
2631 2997 2773 3066 Ung.

1843 3097 1902 3141 et
1938 3087 2121 3140 sociis,

1840 3175 2210 3228 Renuntiatio
2251 3173 2578 3226 carinthiae
2618 3178 2725 3226 etc.

1775 3303 1784 3312 .
1843 3261 2129 3314 Pro’tectio
2184 3260 2457 3312 fratribus
2509 3259 2575 3312 de
2616 3259 2774 3311 domo

1840 3348 2004 3402 Teut.
2044 3348 2100 3400 in
2140 3347 2371 3400 Prussia
2416 3344 2703 3410 promissa..

1843 3434 2151 3490 Concordia
2178 3448 2301 3486 cum
2328 3432 2612 3484 Kazimiro
2638 3446 2775 3500 rege

1844 3522 1963 3575 Pol.

1842 3610 2060 3662 Foedus
2100 3607 2345 3660 militare
2384 3621 2506 3658 cum
2547 3605 2777 3658 ducibus

1840 3696 2225 3750 Pomeraniae.

1839 3783 2174 3837 Transactio
2210 3779 2500 3845 nuptialis.

1841 3871 2060 3926 Foedus
2108 3885 2232 3924 cum
2284 3881 2418 3935 rege
2471 3865 2778 3934 Ungariae.

1775 4002 1785 4013 .
1842 3957 2107 4012 Amicitia
2146 3971 2269 4009 cum
2304 3953 2590 4007 Kazimiro
2640 3965 2778 4020 rege

1840 4047 1960 4099 Pol.

1840 4132 2059 4186 Foedus
2099 4146 2221 4184 cum
2261 4129 2545 4182 Ludovico
2586 4126 2722 4190 Imp.

1846 4219 2050 4271 Berua.

1842 4306 2012 4357 Arma
2050 4304 2103 4356 S.
2144 4303 2340 4356 Wenc.
2368 4301 2625 4367 episcopo
2655 4299 2777 4352 Tri-

1843 4391 2073 4445 dentino
2112 4389 2509 4444 conceduntur.
