3288 4973
1366 333 1757 394 —121—

348 537 604 603 dictum
650 536 862 602 locum
929 537 1145 602 Barcz
1215 535 1574 619 remeandi,
1632 537 2180 616 quandocumque
2244 533 2572 618 placuerit
2632 554 2752 617 pro

348 643 645 724 ipsorum
691 639 1061 707 omnimodo
1104 639 1295 708 libito
1355 640 1741 722 voluntatis,
1796 639 2058 707 sincere
2123 646 2194 708 et
2255 643 2512 721 absque
2572 639 2748 706 omni

354 746 526 828 dolo,
570 744 781 810 salvis
828 745 1029 811 rebus
1077 762 1303 811 eorum
1346 745 1607 828 pariter
1651 749 1724 811 et
1767 745 2086 828 personis,

558 847 681 915 Sin
711 853 932 914 autem
964 849 1176 930 ipsum
1210 849 1539 916 dominum
1571 848 2015 916 marchionem
2047 848 2392 916 Moraviae
2425 853 2546 914 aut
2589 865 2748 914 suos

342 959 631 1038 treugas
676 953 1062 1036 praedictas
1108 954 1215 1020 vel
1261 971 1484 1020 earum
1532 954 2010 1021 conuentiones
2057 953 2310 1021 violare
2365 951 2749 1032 aliqualiter

348 1057 725 1142 contingat,
754 1063 917 1123 tunc
949 1057 1151 1124 etiam
1176 1059 1260 1123 ad
1288 1058 1864 1125 denunciationem
1889 1057 2094 1125 solam
2120 1063 2192 1124 et
2216 1058 2475 1125 vnicam
2499 1056 2748 1123 factam

348 1162 417 1227 in
439 1165 671 1228 castro
692 1165 763 1228 et
783 1160 1065 1228 civitate
1086 1161 1584 1246 Wratislauiae,
1610 1163 1782 1229 idem
1818 1163 2122 1228 dominus
2151 1159 2444 1228 marchio
2477 1160 2564 1227 M.
2593 1178 2749 1226 suos

350 1265 629 1332 nuntios
644 1270 717 1330 et
731 1266 1251 1332 ambassiatores
1270 1267 1545 1333 idoneos
1560 1267 1631 1333 in
1649 1265 2087 1334 Wratislauia
2104 1265 2279 1332 infra
2305 1268 2467 1332 duos
2487 1281 2750 1332 menses

342 1389 381 1436 a
412 1369 527 1436 die
561 1369 1099 1436 denuntiacionis
1132 1375 1203 1436 et
1246 1371 1716 1437 admonitionis
1761 1371 2149 1453 praedictae
2182 1369 2498 1436 continue
2529 1387 2749 1436 nume-

344 1475 599 1540 randos
628 1473 1093 1540 transmittere
1138 1480 1429 1542 tenetur.
1479 1474 1617 1541 Nos
1650 1493 1809 1542 vero
1843 1475 2047 1540 etiam
2077 1480 2344 1540 nostros
2376 1472 2542 1540 inibi
2573 1472 2750 1540 infra

343 1580 511 1645 duos
554 1595 819 1644 menses
864 1577 1240 1644 tenebimur
1285 1577 1628 1645 destinare
1685 1579 1976 1662 nuntios,
2024 1579 2490 1661 proposituros
2550 1577 2749 1644 simili

344 1683 558 1764 mode,
616 1685 694 1748 vt
752 1700 958 1764 supra
1020 1681 1325 1766 diximus,
1384 1686 1457 1750 et
1523 1683 1984 1751 declaraturos
2039 1683 2278 1749 saltem
2345 1682 2581 1750 vltima
2639 1682 2746 1748 die

344 1786 847 1868 praedictorum
892 1788 1169 1852 duorum
1214 1786 1549 1868 mensium,
1593 1787 1725 1854 nisi
1771 1789 1975 1854 etiam
2023 1786 2412 1869 saepefatus
2443 1786 2745 1853 dominus

344 1888 643 1957 marchio
696 1890 781 1956 M.
828 1894 899 1954 et
958 1908 1077 1956 nos
1142 1891 1223 1956 de
1288 1891 1423 1957 alia
1484 1891 1593 1957 die
1656 1891 2090 1974 anticipando,
2138 1893 2244 1958 vel
2295 1893 2746 1974 posterganda

341 1993 700 2077 contingat
762 1991 1053 2060 fortasse
1116 1995 1537 2062 concorditer
1604 1998 2030 2078 concordare,
2091 1995 2353 2076 quoties
2415 1996 2524 2062 vel
2587 2013 2740 2076 quo-

343 2099 555 2180 modo,
589 2096 881 2177 qualiter
926 2097 1035 2164 vel
1082 2116 1204 2180 per
1246 2117 1409 2180 quos
1443 2100 1791 2181 praefatae
1825 2107 2108 2184 treugae
2140 2099 2278 2166 fuer
2292 2099 2396 2164 int
2428 2099 2742 2181 violatae,

342 2207 873 2284 recepturosque
916 2201 1181 2286 ibidem,
1226 2202 1415 2270 iuxta
1445 2206 1762 2272 bonorum
1792 2223 2088 2272 virorum
2117 2204 2469 2270 arbitrium
2501 2205 2588 2270 ad
2618 2203 2745 2270 hoc

344 2305 785 2373 communiter
850 2306 1234 2390 electorum,
1302 2326 1507 2390 super
1564 2308 1848 2374 obiectis
1909 2312 1979 2374 et
2040 2307 2248 2375 illatis
2310 2307 2614 2390 dampnis
2675 2312 2746 2373 et

342 2411 609 2478 iniuriis
679 2412 1023 2476 emendam
1094 2417 1166 2478 et
1226 2411 1756 2481 satisfactionem
1818 2412 2234 2497 condignam.
2301 2411 2478 2495 Ipsis
2542 2412 2741 2478 etiam

341 2516 597 2583 nostris
629 2515 895 2582 nunciis
926 2516 1310 2598 saepefatus
1341 2518 1641 2584 dominus
1693 2518 1986 2585 marchio
2019 2518 2106 2583 Μ.
2139 2519 2341 2585 debet
2374 2522 2444 2584 et
2475 2521 2745 2583 tenetur

342 2622 425 2687 de
476 2638 715 2687 securo
762 2625 831 2687 et
877 2622 1089 2688 libero
1148 2622 1503 2702 prouidere
1565 2624 1914 2705 conductu,
1969 2622 2348 2706 incipiendo
2411 2622 2478 2689 in
2526 2623 2742 2688 Barcz

344 2724 662 2794 veniendi
710 2724 775 2789 in
824 2725 1345 2811 Wratislauiam,
1392 2728 1766 2808 ibidemque
1814 2727 2200 2811 placitandi,
2245 2728 2488 2813 standi,
2522 2729 2742 2794 demo·

346 2830 543 2896 randi
588 2834 660 2895 et
704 2829 947 2897 abinde
994 2831 1079 2896 ad
1121 2830 1533 2913 praedictum
1566 2832 1782 2898 locum
1818 2832 2026 2898 Barcz
2059 2831 2417 2915 remeandi,
2449 2834 2742 2913 quando-

348 2950 629 3014 cumque
705 2934 1033 3015 placuerit
1113 2953 1233 3016 pro
1311 2935 1601 3017 ipsorum
1669 2936 2034 3003 omnimodo
2104 2937 2291 3003 libito
2354 2936 2743 3019 volunt-atiS,

346 3038 609 3104 sincere
669 3042 740 3105 et
792 3040 1043 3119 absque
1104 3040 1279 3106 omni
1342 3042 1491 3107 dolo
1555 3045 1624 3106 et
1685 3040 1953 3125 ingenio
2021 3043 2210 3126 malo,
2279 3041 2487 3109 salvis
2540 3043 2741 3107 rebus

354 3161 579 3209 eorum
626 3143 883 3224 pariter
931 3147 999 3209 et
1044 3144 1367 3226 personis

554 3247 637 3313 In
691 3266 967 3328 quorum
1025 3249 1305 3314 omnium
1368 3248 1817 3315 testimonium
1876 3256 2081 3331 atque
2141 3252 2342 3318 robur
2385 3249 2741 3334 irrefraga-

352 3350 577 3417 biliter
600 3350 958 3417 valiturum
984 3358 1379 3433 praesentes
1403 3350 1736 3420 conscribi
1759 3355 1828 3418 et
1853 3352 2069 3419 nostri
2099 3353 2303 3437 sigilli
2335 3355 2744 3437 appensione

349 3455 660 3521 iussimus
722 3455 1125 3522 communiri.
1185 3456 1266 3521 In
1325 3456 1779 3522 testimonium
1839 3466 2062 3523 autem
2123 3458 2615 3540 praedictorum
2674 3466 2744 3524 et

348 3558 764 3625 euidenciam
796 3558 1179 3644 pleniorem,
1210 3561 1373 3628 viris
1408 3560 1740 3628 nobilibus
1764 3562 2145 3653 nostrisque
2169 3562 2494 3647 fidelibuS,
2531 3562 2741 3646 Spici-

350 3663 509 3730 miro
572 3664 1004 3731 Cracouiensi
1066 3667 1450 3749 castellane,
1514 3665 1813 3749 Mistuij0
1869 3665 2407 3751 Sandomiriensi,
2468 3667 2740 3734 Nicolao

354 3766 784 3833 Cracouiensi
808 3768 1145 3850 palatiniS,
1170 3770 1375 3837 Petro
1400 3769 1940 3854 Sandomiriensi,
1963 3770 2320 3853 Mistigneo
2341 3770 2742 3837 Radomensi

354 3871 758 3954 castellaniS,
790 3872 1199 3941 Criuosando
1232 3872 1682 3956 Cracouiensi‚
1712 3874 2004 3940 Henrico
2037 3874 2556 3941 Sandomiriensi
2591 3878 2740 3940 sub-

354 3976 737 4042 camerariis
786 3977 1277 4058 mandauimus;
1343 3977 1454 4059 qui
1501 3977 1764 4058 quidem
1811 3978 2033 4061 sigilla
2093 3997 2215 4045 sua
2276 3978 2743 4062 praesentibus

356 4081 841 4163 appenderunt.
2480 4089 2485 4094 “

560 4184 809 4250 Datum
854 4189 927 4251 et
972 4191 1191 4251 actum
1255 4186 1321 4251 in
1384 4190 1605 4252 castro
1667 4186 2190 4254 Sandomiriensi
2251 4188 2360 4256 die
2415 4187 2740 4256 dominico

362 4286 549 4355 Infra
597 4286 893 4357 Octavas
938 4287 1369 4357 Ascensionis
1416 4290 1667 4357 Christi
1713 4310 1769 4357 a.
1819 4292 1898 4359 D.
1949 4300 2132 4361 1335.
