<?xml version="1.0" encoding="UTF-8"?>
<!DOCTYPE html PUBLIC "-//W3C//DTD XHTML 1.0 Transitional//EN"
    "http://www.w3.org/TR/xhtml1/DTD/xhtml1-transitional.dtd">
<html xmlns="http://www.w3.org/1999/xhtml" xml:lang="en" lang="en">
 <head>
  <title>
</title>
<meta http-equiv="Content-Type" content="text/html;charset=utf-8" />
  <meta name='ocr-system' content='tesseract 3.04.00' />
  <meta name='ocr-capabilities' content='ocr_page ocr_carea ocr_par ocr_line ocrx_word'/>
</head>
<body>
  <div class='ocr_page' id='page_1' title='image "./codexjurisbohem00bohegoog_0267.png"; bbox 0 0 3288 4973; ppageno 0'>
   <div class='ocr_carea' id='block_1_1' title="bbox 1303 367 1697 430">
    <p class='ocr_par' dir='ltr' id='par_1_1' title="bbox 1303 367 1697 430">
     <span class='ocr_line' id='line_1_1' title="bbox 1303 367 1697 430; baseline -0.008 0"><span class='ocrx_word' id='word_1_1' title='bbox 1303 367 1697 430; x_wconf 77' lang='lat'><strong>—253—</strong></span> 
     </span>
    </p>
   </div>
   <div class='ocr_carea' id='block_1_2' title="bbox 313 570 2693 762">
    <p class='ocr_par' dir='ltr' id='par_1_2' title="bbox 313 570 2693 762">
     <span class='ocr_line' id='line_1_2' title="bbox 503 570 2689 653; baseline -0.004 -10"><span class='ocrx_word' id='word_1_2' title='bbox 503 577 581 643; x_wconf 89' lang='lat' dir='ltr'><strong>In</strong></span> <span class='ocrx_word' id='word_1_3' title='bbox 606 575 800 643; x_wconf 86' lang='lat' dir='ltr'><strong>cuius</strong></span> <span class='ocrx_word' id='word_1_4' title='bbox 826 571 924 638; x_wconf 88' lang='lat' dir='ltr'><strong>rei</strong></span> <span class='ocrx_word' id='word_1_5' title='bbox 952 570 1398 638; x_wconf 87' lang='lat' dir='ltr'><strong>testimonium</strong></span> <span class='ocrx_word' id='word_1_6' title='bbox 1427 571 1715 653; x_wconf 82' lang='lat' dir='ltr'><strong>sigillum</strong></span> <span class='ocrx_word' id='word_1_7' title='bbox 1742 576 2039 637; x_wconf 88' lang='lat' dir='ltr'><strong>nostrum</strong></span> <span class='ocrx_word' id='word_1_8' title='bbox 2062 571 2439 652; x_wconf 88' lang='lat' dir='ltr'><strong>episcopole</strong></span> <span class='ocrx_word' id='word_1_9' title='bbox 2475 570 2689 636; x_wconf 87' lang='lat' dir='ltr'><strong>maius</strong></span> 
     </span>
     <span class='ocr_line' id='line_1_3' title="bbox 313 675 2693 762; baseline -0.003 -16"><span class='ocrx_word' id='word_1_10' title='bbox 313 691 378 747; x_wconf 89' lang='lat' dir='ltr'><strong>et</strong></span> <span class='ocrx_word' id='word_1_11' title='bbox 425 680 632 762; x_wconf 86' lang='lat' dir='ltr'><strong>ipsius</strong></span> <span class='ocrx_word' id='word_1_12' title='bbox 679 676 959 759; x_wconf 86' lang='lat' dir='ltr'><strong>capituli</strong></span> <span class='ocrx_word' id='word_1_13' title='bbox 1025 675 1600 742; x_wconf 89' lang='lat' dir='ltr'><strong>Wratislaviensis</strong></span> <span class='ocrx_word' id='word_1_14' title='bbox 1668 676 2131 757; x_wconf 86' lang='lat' dir='ltr'><strong>praesentibus</strong></span> <span class='ocrx_word' id='word_1_15' title='bbox 2180 681 2335 742; x_wconf 90' lang='lat' dir='ltr'><strong>sunt</strong></span> <span class='ocrx_word' id='word_1_16' title='bbox 2381 693 2693 757; x_wconf 87' lang='lat' dir='ltr'><strong>appensa.</strong></span> 
     </span>
    </p>
   </div>
   <div class='ocr_carea' id='block_1_3' title="bbox 313 815 2693 1630">
    <p class='ocr_par' dir='ltr' id='par_1_3' title="bbox 313 815 2693 1630">
     <span class='ocr_line' id='line_1_4' title="bbox 507 815 2693 896; baseline -0.003 -10"><span class='ocrx_word' id='word_1_17' title='bbox 507 822 746 886; x_wconf 87' lang='lat' dir='ltr'><strong>Actum</strong></span> <span class='ocrx_word' id='word_1_18' title='bbox 796 822 867 884; x_wconf 93' lang='lat' dir='ltr'><strong>et</strong></span> <span class='ocrx_word' id='word_1_19' title='bbox 913 818 1139 882; x_wconf 87' lang='lat' dir='ltr'><strong>datum</strong></span> <span class='ocrx_word' id='word_1_20' title='bbox 1189 815 1447 896; x_wconf 83' lang='lat' dir='ltr'><strong>Pragae</strong></span> <span class='ocrx_word' id='word_1_21' title='bbox 1495 815 1613 880; x_wconf 94' lang='lat' dir='ltr'><strong>IX.</strong></span> <span class='ocrx_word' id='word_1_22' title='bbox 1668 815 1810 881; x_wconf 81' lang='lat' dir='ltr'><strong>Kal.</strong></span> <span class='ocrx_word' id='word_1_23' title='bbox 1860 817 2249 882; x_wconf 82' lang='lat' dir='ltr'><strong>Decembris</strong></span> <span class='ocrx_word' id='word_1_24' title='bbox 2295 835 2351 881; x_wconf 86' lang='lat' dir='ltr'><strong>a.</strong></span> <span class='ocrx_word' id='word_1_25' title='bbox 2402 815 2473 880; x_wconf 94' lang='lat' dir='ltr'><strong>D.</strong></span> <span class='ocrx_word' id='word_1_26' title='bbox 2526 821 2693 880; x_wconf 75' lang='lat'>1344</span> 
     </span>
     <span class='ocr_line' id='line_1_5' title="bbox 318 919 2691 1002; baseline -0.004 -10"><span class='ocrx_word' id='word_1_27' title='bbox 318 929 380 992; x_wconf 90' lang='lat' dir='ltr'><strong>in</strong></span> <span class='ocrx_word' id='word_1_28' title='bbox 414 927 603 992; x_wconf 89' lang='lat' dir='ltr'><strong>domo</strong></span> <span class='ocrx_word' id='word_1_29' title='bbox 636 922 949 990; x_wconf 82' lang='lat' dir='ltr'><strong>Fratrum</strong></span> <span class='ocrx_word' id='word_1_30' title='bbox 981 921 1321 1002; x_wconf 86' lang='lat' dir='ltr'><strong>minorum,</strong></span> <span class='ocrx_word' id='word_1_31' title='bbox 1359 921 1823 1000; x_wconf 63' lang='lat' dir='ltr'><strong>praesentibus</strong></span> <span class='ocrx_word' id='word_1_32' title='bbox 1863 919 2233 986; x_wconf 75' lang='lat' dir='ltr'><strong>illustribus</strong></span> <span class='ocrx_word' id='word_1_33' title='bbox 2271 919 2691 1001; x_wconf 83' lang='lat' dir='ltr'><strong>principibuS,</strong></span> 
     </span>
     <span class='ocr_line' id='line_1_6' title="bbox 315 1024 2689 1108; baseline -0.003 -13"><span class='ocrx_word' id='word_1_34' title='bbox 315 1033 565 1096; x_wconf 83' lang='grc'>1101111110</span> <span class='ocrx_word' id='word_1_35' title='bbox 610 1028 845 1096; x_wconf 85' lang='lat' dir='ltr'><strong>Carolo</strong></span> <span class='ocrx_word' id='word_1_36' title='bbox 896 1025 1352 1108; x_wconf 82' lang='lat' dir='ltr'><strong>primogenite,</strong></span> <span class='ocrx_word' id='word_1_37' title='bbox 1401 1025 1783 1090; x_wconf 81' lang='lat' dir='ltr'>marchione</span> <span class='ocrx_word' id='word_1_38' title='bbox 1832 1024 2191 1106; x_wconf 67' lang='lat' dir='ltr'><strong>Mox-aviae,</strong></span> <span class='ocrx_word' id='word_1_39' title='bbox 2228 1025 2489 1090; x_wconf 72' lang='lat' dir='ltr'><strong>‚Ioanne</strong></span> <span class='ocrx_word' id='word_1_40' title='bbox 2522 1027 2689 1088; x_wconf 90' lang='lat' dir='ltr'><strong>duce</strong></span> 
     </span>
     <span class='ocr_line' id='line_1_7' title="bbox 313 1128 2689 1212; baseline -0.003 -12"><span class='ocrx_word' id='word_1_41' title='bbox 313 1133 722 1212; x_wconf 82' lang='lat' dir='ltr'><strong>Karinthiae,</strong></span> <span class='ocrx_word' id='word_1_42' title='bbox 784 1129 958 1198; x_wconf 77' lang='lat' dir='ltr'><strong>&#39;filiis</strong></span> <span class='ocrx_word' id='word_1_43' title='bbox 1034 1129 1242 1210; x_wconf 87' lang='lat' dir='ltr'><strong>ipsius</strong></span> <span class='ocrx_word' id='word_1_44' title='bbox 1319 1131 1518 1210; x_wconf 88' lang='lat' dir='ltr'><strong>regis,</strong></span> <span class='ocrx_word' id='word_1_45' title='bbox 1595 1129 1884 1195; x_wconf 80' lang='lat' dir='ltr'><strong>Boleone</strong></span> <span class='ocrx_word' id='word_1_46' title='bbox 1962 1128 2319 1210; x_wconf 83' lang='lat' dir='ltr'><strong>opoliensi,</strong></span> <span class='ocrx_word' id='word_1_47' title='bbox 2397 1128 2689 1195; x_wconf 87' lang='lat' dir='ltr'><strong>Henrico</strong></span> 
     </span>
     <span class='ocr_line' id='line_1_8' title="bbox 315 1231 2691 1318; baseline -0.003 -16"><span class='ocrx_word' id='word_1_48' title='bbox 315 1236 682 1318; x_wconf 82' lang='lat' dir='ltr'><strong>Zaganensi</strong></span> <span class='ocrx_word' id='word_1_49' title='bbox 744 1235 1044 1306; x_wconf 84' lang='lat' dir='ltr'><strong>ducibus,</strong></span> <span class='ocrx_word' id='word_1_50' title='bbox 1113 1231 1524 1314; x_wconf 88' lang='lat' dir='ltr'><strong>principibus</strong></span> <span class='ocrx_word' id='word_1_51' title='bbox 1587 1239 1655 1297; x_wconf 87' lang='lat' dir='ltr'><strong>et</strong></span> <span class='ocrx_word' id='word_1_52' title='bbox 1719 1232 1990 1300; x_wconf 83' lang='lat' dir='ltr'><strong>vasallis</strong></span> <span class='ocrx_word' id='word_1_53' title='bbox 2055 1233 2302 1298; x_wconf 91' lang='lat' dir='ltr'><strong>domini</strong></span> <span class='ocrx_word' id='word_1_54' title='bbox 2371 1232 2547 1313; x_wconf 83' lang='lat' dir='ltr'><strong>regis</strong></span> <span class='ocrx_word' id='word_1_55' title='bbox 2620 1233 2691 1297; x_wconf 93' lang='lat' dir='ltr'><strong>B.</strong></span> 
     </span>
     <span class='ocr_line' id='line_1_9' title="bbox 313 1336 2689 1424; baseline -0.003 -17"><span class='ocrx_word' id='word_1_56' title='bbox 313 1341 692 1424; x_wconf 81' lang='lat' dir='ltr'><strong>supradicti,</strong></span> <span class='ocrx_word' id='word_1_57' title='bbox 739 1356 860 1404; x_wconf 86' lang='lat' dir='ltr'><strong>nec</strong></span> <span class='ocrx_word' id='word_1_58' title='bbox 908 1357 1037 1403; x_wconf 90' lang='lat' dir='ltr'><strong>non</strong></span> <span class='ocrx_word' id='word_1_59' title='bbox 1085 1337 1472 1403; x_wconf 87' lang='lat' dir='ltr'><strong>reverendis</strong></span> <span class='ocrx_word' id='word_1_60' title='bbox 1519 1337 1586 1402; x_wconf 89' lang='lat' dir='ltr'><strong>in</strong></span> <span class='ocrx_word' id='word_1_61' title='bbox 1635 1337 1899 1403; x_wconf 87' lang='lat' dir='ltr'><strong>Christo</strong></span> <span class='ocrx_word' id='word_1_62' title='bbox 1946 1336 2271 1402; x_wconf 81' lang='lat' dir='ltr'><strong>fratribus</strong></span> <span class='ocrx_word' id='word_1_63' title='bbox 2304 1338 2362 1402; x_wconf 91' lang='lat' dir='ltr'><strong>d.</strong></span> <span class='ocrx_word' id='word_1_64' title='bbox 2397 1337 2689 1402; x_wconf 84' lang='lat' dir='ltr'><strong>Arnesto</strong></span> 
     </span>
     <span class='ocr_line' id='line_1_10' title="bbox 314 1440 2689 1524; baseline -0.003 -13"><span class='ocrx_word' id='word_1_65' title='bbox 314 1451 583 1511; x_wconf 83' lang='lat' dir='ltr'><strong>sanctae</strong></span> <span class='ocrx_word' id='word_1_66' title='bbox 629 1441 987 1524; x_wconf 84' lang='lat' dir='ltr'><strong>Pragensis</strong></span> <span class='ocrx_word' id='word_1_67' title='bbox 1033 1441 1360 1508; x_wconf 87' lang='lat' dir='ltr'><strong>ecclesiae</strong></span> <span class='ocrx_word' id='word_1_68' title='bbox 1400 1440 1902 1522; x_wconf 81' lang='lat' dir='ltr'><strong>archiepiscopo</strong></span> <span class='ocrx_word' id='word_1_69' title='bbox 1950 1447 2019 1506; x_wconf 88' lang='lat' dir='ltr'><strong>et</strong></span> <span class='ocrx_word' id='word_1_70' title='bbox 2066 1442 2329 1506; x_wconf 86' lang='lat' dir='ltr'><strong>Joanne</strong></span> <span class='ocrx_word' id='word_1_71' title='bbox 2378 1441 2689 1522; x_wconf 85' lang='lat' dir='ltr'><strong>episcopo</strong></span> 
     </span>
     <span class='ocr_line' id='line_1_11' title="bbox 313 1547 992 1630; baseline -0.007 -15"><span class='ocrx_word' id='word_1_72' title='bbox 313 1547 627 1615; x_wconf 84' lang='lat' dir='ltr'><strong>Misnensi</strong></span> <span class='ocrx_word' id='word_1_73' title='bbox 673 1553 818 1630; x_wconf 68' lang='lat' dir='ltr'><strong>etc„</strong></span> <span class='ocrx_word' id='word_1_74' title='bbox 867 1553 992 1612; x_wconf 88' lang='lat' dir='ltr'><strong>etc.</strong></span> 
     </span>
    </p>
   </div>
   <div class='ocr_carea' id='block_1_4' title="bbox 314 1681 2695 1874">
    <p class='ocr_par' dir='ltr' id='par_1_4' title="bbox 314 1681 2695 1874">
     <span class='ocr_line' id='line_1_12' title="bbox 503 1681 2695 1773; baseline -0.006 -17"><span class='ocrx_word' id='word_1_75' title='bbox 503 1686 628 1773; x_wconf 84' lang='lat' dir='ltr'><strong>(A.</strong></span> <span class='ocrx_word' id='word_1_76' title='bbox 674 1683 770 1754; x_wconf 82' lang='lat' dir='ltr'><strong>K.</strong></span> <span class='ocrx_word' id='word_1_77' title='bbox 831 1723 918 1734; x_wconf 88' lang='lat'><strong>—-</strong></span> <span class='ocrx_word' id='word_1_78' title='bbox 973 1683 1167 1749; x_wconf 76' lang='lat' dir='ltr'><strong>Arch.</strong></span> <span class='ocrx_word' id='word_1_79' title='bbox 1217 1681 1297 1750; x_wconf 79' lang='lat' dir='ltr'><strong>&#39;S.</strong></span> <span class='ocrx_word' id='word_1_80' title='bbox 1376 1683 1580 1749; x_wconf 78' lang='lat' dir='ltr'><strong>Wenc.</strong></span> <span class='ocrx_word' id='word_1_81' title='bbox 1627 1721 1731 1750; x_wconf 88' lang='lat'><strong>.-</strong></span> <span class='ocrx_word' id='word_1_82' title='bbox 1791 1683 2183 1770; x_wconf 74' lang='lat' dir='ltr'><strong>Grz&#39;c&#39;nhayen</strong></span> <span class='ocrx_word' id='word_1_83' title='bbox 2248 1681 2333 1750; x_wconf 84' lang='grc' dir='ltr'><strong>ΙΙ.</strong></span> <span class='ocrx_word' id='word_1_84' title='bbox 2400 1685 2545 1750; x_wconf 82' lang='grc'>108,</span> <span class='ocrx_word' id='word_1_85' title='bbox 2610 1722 2695 1732; x_wconf 92' lang='grc'><strong>-</strong></span> 
     </span>
     <span class='ocr_line' id='line_1_13' title="bbox 314 1789 934 1874; baseline 0.005 -21"><span class='ocrx_word' id='word_1_86' title='bbox 314 1791 512 1857; x_wconf 61' lang='lat' dir='ltr'><strong>amm·</strong></span> <span class='ocrx_word' id='word_1_87' title='bbox 556 1789 670 1856; x_wconf 83' lang='lat' dir='ltr'><strong>JV.</strong></span> <span class='ocrx_word' id='word_1_88' title='bbox 717 1789 934 1874; x_wconf 82' lang='lat'><strong><em>1475.)</em></strong></span> 
     </span>
    </p>
   </div>
   <div class='ocr_carea' id='block_1_5' title="bbox 305 1978 2682 2157">
    <p class='ocr_par' dir='ltr' id='par_1_5' title="bbox 305 1978 2682 2157">
     <span class='ocr_line' id='line_1_14' title="bbox 501 1978 2681 2065; baseline -0.001 -15"><span class='ocrx_word' id='word_1_89' title='bbox 501 1985 651 2051; x_wconf 84' lang='lat'>241.</span> <span class='ocrx_word' id='word_1_90' title='bbox 715 1981 1053 2051; x_wconf 83' lang='lat' dir='ltr'><strong>Joannes</strong></span> <span class='ocrx_word' id='word_1_91' title='bbox 1118 1998 1252 2048; x_wconf 77' lang='lat' dir='ltr'><strong>rex</strong></span> <span class='ocrx_word' id='word_1_92' title='bbox 1318 1979 1675 2065; x_wconf 88' lang='lat' dir='ltr'><strong>episcopo</strong></span> <span class='ocrx_word' id='word_1_93' title='bbox 1738 1982 1815 2048; x_wconf 90' lang='lat' dir='ltr'><strong>et</strong></span> <span class='ocrx_word' id='word_1_94' title='bbox 1874 1978 2210 2065; x_wconf 87' lang='lat' dir='ltr'><strong>capitulo</strong></span> <span class='ocrx_word' id='word_1_95' title='bbox 2288 1978 2681 2048; x_wconf 82' lang='lat' dir='ltr'><strong>wratisla-</strong></span> 
     </span>
     <span class='ocr_line' id='line_1_15' title="bbox 305 2081 2682 2157; baseline -0.003 0"><span class='ocrx_word' id='word_1_96' title='bbox 305 2087 541 2157; x_wconf 86' lang='lat' dir='ltr'><strong>viensi</strong></span> <span class='ocrx_word' id='word_1_97' title='bbox 607 2086 688 2156; x_wconf 88' lang='grc'><strong>111</strong></span> <span class='ocrx_word' id='word_1_98' title='bbox 761 2084 1058 2154; x_wconf 82' lang='lat' dir='ltr'><strong>feodum</strong></span> <span class='ocrx_word' id='word_1_99' title='bbox 1127 2082 1424 2154; x_wconf 78' lang='lat' dir='ltr'><strong>confert</strong></span> <span class='ocrx_word' id='word_1_100' title='bbox 1493 2083 1687 2152; x_wconf 85' lang='lat' dir='ltr'><strong>bona</strong></span> <span class='ocrx_word' id='word_1_101' title='bbox 1755 2102 2011 2152; x_wconf 83' lang='lat' dir='ltr'><strong>eorum</strong></span> <span class='ocrx_word' id='word_1_102' title='bbox 2074 2081 2449 2151; x_wconf 78' lang='lat' dir='ltr'><strong>Grotkow</strong></span> <span class='ocrx_word' id='word_1_103' title='bbox 2517 2101 2682 2150; x_wconf 90' lang='lat' dir='ltr'><strong>cum</strong></span> 
     </span>
    </p>
   </div>
   <div class='ocr_carea' id='block_1_6' title="bbox 304 2187 1919 2396">
    <p class='ocr_par' dir='ltr' id='par_1_6' title="bbox 304 2187 1919 2396">
     <span class='ocr_line' id='line_1_16' title="bbox 304 2187 1012 2277; baseline -0.004 -17"><span class='ocrx_word' id='word_1_104' title='bbox 304 2191 452 2261; x_wconf 88' lang='lat' dir='ltr'><strong>suis</strong></span> <span class='ocrx_word' id='word_1_105' title='bbox 501 2187 1012 2277; x_wconf 85' lang='lat' dir='ltr'><strong>pertinentiis.</strong></span> 
     </span>
     <span class='ocr_line' id='line_1_17' title="bbox 1047 2306 1919 2396; baseline -0.003 -18"><span class='ocrx_word' id='word_1_106' title='bbox 1047 2311 1244 2396; x_wconf 83' lang='lat'><strong>1344,</strong></span> <span class='ocrx_word' id='word_1_107' title='bbox 1289 2311 1396 2377; x_wconf 83' lang='lat'><strong>23.</strong></span> <span class='ocrx_word' id='word_1_108' title='bbox 1445 2306 1919 2377; x_wconf 80' lang='lat' dir='ltr'><strong>Novembris,</strong></span> 
     </span>
    </p>
   </div>
   <div class='ocr_carea' id='block_1_7' title="bbox 300 2447 2777 4404">
    <p class='ocr_par' dir='ltr' id='par_1_7' title="bbox 300 2447 2685 3989">
     <span class='ocr_line' id='line_1_18' title="bbox 491 2447 2682 2531; baseline -0.002 -13"><span class='ocrx_word' id='word_1_109' title='bbox 491 2452 630 2518; x_wconf 87' lang='lat' dir='ltr'><strong>Nos</strong></span> <span class='ocrx_word' id='word_1_110' title='bbox 676 2451 1019 2517; x_wconf 86' lang='lat' dir='ltr'><strong>Johannes</strong></span> <span class='ocrx_word' id='word_1_111' title='bbox 1067 2451 1125 2515; x_wconf 92' lang='lat' dir='ltr'><strong>d.</strong></span> <span class='ocrx_word' id='word_1_112' title='bbox 1173 2469 1265 2531; x_wconf 85' lang='lat' dir='ltr'><strong>gr.</strong></span> <span class='ocrx_word' id='word_1_113' title='bbox 1318 2449 1386 2515; x_wconf 90' lang='lat' dir='ltr'><strong>B.</strong></span> <span class='ocrx_word' id='word_1_114' title='bbox 1435 2465 1569 2530; x_wconf 84' lang='lat' dir='ltr'><strong>rex,</strong></span> <span class='ocrx_word' id='word_1_115' title='bbox 1613 2465 1831 2514; x_wconf 85' lang='lat' dir='ltr'><strong>comes</strong></span> <span class='ocrx_word' id='word_1_116' title='bbox 1866 2448 1957 2530; x_wconf 77' lang='lat' dir='ltr'><strong>L,</strong></span> <span class='ocrx_word' id='word_1_117' title='bbox 1990 2447 2299 2529; x_wconf 85' lang='lat' dir='ltr'><strong>princeps</strong></span> <span class='ocrx_word' id='word_1_118' title='bbox 2334 2465 2682 2529; x_wconf 85' lang='lat' dir='ltr'><strong>supremus</strong></span> 
     </span>
     <span class='ocr_line' id='line_1_19' title="bbox 302 2552 2683 2635; baseline -0.003 -14"><span class='ocrx_word' id='word_1_119' title='bbox 302 2556 740 2622; x_wconf 86' lang='lat' dir='ltr'><strong>Slezianorum</strong></span> <span class='ocrx_word' id='word_1_120' title='bbox 763 2562 836 2621; x_wconf 89' lang='lat' dir='ltr'><strong>et</strong></span> <span class='ocrx_word' id='word_1_121' title='bbox 859 2555 1160 2620; x_wconf 87' lang='lat' dir='ltr'><strong>dominus</strong></span> <span class='ocrx_word' id='word_1_122' title='bbox 1193 2553 1693 2635; x_wconf 83' lang='lat' dir='ltr'><strong>Wratislaviae,</strong></span> <span class='ocrx_word' id='word_1_123' title='bbox 1727 2552 2257 2635; x_wconf 85' lang='lat' dir='ltr'><strong>recognoscimus</strong></span> <span class='ocrx_word' id='word_1_124' title='bbox 2286 2559 2355 2618; x_wconf 91' lang='lat' dir='ltr'><strong>et</strong></span> <span class='ocrx_word' id='word_1_125' title='bbox 2379 2552 2683 2635; x_wconf 80' lang='lat' dir='ltr'><strong>fatemur,</strong></span> 
     </span>
     <span class='ocr_line' id='line_1_20' title="bbox 303 2656 2685 2742; baseline -0.001 -21"><span class='ocrx_word' id='word_1_126' title='bbox 303 2663 464 2739; x_wconf 78' lang='lat' dir='ltr'><strong>quod</strong></span> <span class='ocrx_word' id='word_1_127' title='bbox 512 2661 578 2726; x_wconf 88' lang='lat' dir='ltr'><strong>in</strong></span> <span class='ocrx_word' id='word_1_128' title='bbox 624 2664 862 2725; x_wconf 87' lang='lat' dir='ltr'><strong>nostra</strong></span> <span class='ocrx_word' id='word_1_129' title='bbox 907 2656 1293 2740; x_wconf 81' lang='lat' dir='ltr'><strong>praesentia</strong></span> <span class='ocrx_word' id='word_1_130' title='bbox 1341 2658 1691 2723; x_wconf 87' lang='lat' dir='ltr'><strong>constituti</strong></span> <span class='ocrx_word' id='word_1_131' title='bbox 1742 2657 2144 2723; x_wconf 86' lang='lat' dir='ltr'><strong>venerabilis</strong></span> <span class='ocrx_word' id='word_1_132' title='bbox 2183 2657 2251 2721; x_wconf 81' lang='lat' dir='ltr'><strong>in</strong></span> <span class='ocrx_word' id='word_1_133' title='bbox 2284 2657 2432 2722; x_wconf 81' lang='lat' dir='ltr'><strong>Chr.</strong></span> <span class='ocrx_word' id='word_1_134' title='bbox 2467 2663 2685 2742; x_wconf 85' lang='lat' dir='ltr'><strong>pater,</strong></span> 
     </span>
     <span class='ocr_line' id='line_1_21' title="bbox 303 2761 2677 2845; baseline -0.001 -19"><span class='ocrx_word' id='word_1_135' title='bbox 303 2766 355 2827; x_wconf 84' lang='lat' dir='ltr'><strong>d.</strong></span> <span class='ocrx_word' id='word_1_136' title='bbox 399 2765 804 2831; x_wconf 84' lang='lat' dir='ltr'><strong>Przedzlaus</strong></span> <span class='ocrx_word' id='word_1_137' title='bbox 855 2763 1204 2845; x_wconf 90' lang='lat' dir='ltr'><strong>episcopus</strong></span> <span class='ocrx_word' id='word_1_138' title='bbox 1254 2761 1855 2842; x_wconf 77' lang='lat' dir='ltr'><strong>WratislavienSiS,</strong></span> <span class='ocrx_word' id='word_1_139' title='bbox 1917 2780 1997 2827; x_wconf 88' lang='lat' dir='ltr'><strong>ac</strong></span> <span class='ocrx_word' id='word_1_140' title='bbox 2057 2761 2482 2827; x_wconf 82' lang='lat' dir='ltr'><strong>honorabiles</strong></span> <span class='ocrx_word' id='word_1_141' title='bbox 2546 2762 2677 2828; x_wconf 84' lang='lat' dir='ltr'><strong>viri</strong></span> 
     </span>
     <span class='ocr_line' id='line_1_22' title="bbox 302 2866 2683 2950; baseline -0.001 -18"><span class='ocrx_word' id='word_1_142' title='bbox 302 2867 449 2933; x_wconf 92' lang='lat' dir='ltr'><strong>Otto</strong></span> <span class='ocrx_word' id='word_1_143' title='bbox 493 2871 578 2935; x_wconf 91' lang='lat' dir='ltr'><strong>de</strong></span> <span class='ocrx_word' id='word_1_144' title='bbox 626 2870 864 2950; x_wconf 78' lang='lat' dir='ltr'><strong>Donyn</strong></span> <span class='ocrx_word' id='word_1_145' title='bbox 927 2876 996 2933; x_wconf 86' lang='lat' dir='ltr'><strong>et</strong></span> <span class='ocrx_word' id='word_1_146' title='bbox 1057 2866 1375 2933; x_wconf 87' lang='lat' dir='ltr'><strong>Nicolaus</strong></span> <span class='ocrx_word' id='word_1_147' title='bbox 1439 2869 1520 2933; x_wconf 91' lang='lat' dir='ltr'><strong>de</strong></span> <span class='ocrx_word' id='word_1_148' title='bbox 1583 2867 1885 2932; x_wconf 87' lang='lat' dir='ltr'><strong>Panwitz</strong></span> <span class='ocrx_word' id='word_1_149' title='bbox 1949 2868 2169 2932; x_wconf 80' lang='lat' dir='ltr'><strong>doctoi</strong></span> <span class='ocrx_word' id='word_1_150' title='bbox 2244 2868 2683 2947; x_wconf 86' lang='lat' dir='ltr'><strong>decretorum,</strong></span> 
     </span>
     <span class='ocr_line' id='line_1_23' title="bbox 301 2969 2677 3054; baseline -0.001 -19"><span class='ocrx_word' id='word_1_151' title='bbox 301 2974 588 3039; x_wconf 85' lang='lat' dir='ltr'><strong>canonici</strong></span> <span class='ocrx_word' id='word_1_152' title='bbox 637 2981 706 3038; x_wconf 90' lang='lat' dir='ltr'><strong>et</strong></span> <span class='ocrx_word' id='word_1_153' title='bbox 751 2978 1224 3054; x_wconf 82' lang='lat' dir='ltr'><strong>procuratores</strong></span> <span class='ocrx_word' id='word_1_154' title='bbox 1272 2971 1549 3053; x_wconf 87' lang='lat' dir='ltr'><strong>capituli</strong></span> <span class='ocrx_word' id='word_1_155' title='bbox 1599 2972 1719 3053; x_wconf 67' lang='lat' dir='ltr'><strong>W„</strong></span> <span class='ocrx_word' id='word_1_156' title='bbox 1782 2971 1971 3037; x_wconf 88' lang='lat' dir='ltr'><strong>nobis</strong></span> <span class='ocrx_word' id='word_1_157' title='bbox 2032 2972 2371 3036; x_wconf 87' lang='lat' dir='ltr'><strong>humiliter</strong></span> <span class='ocrx_word' id='word_1_158' title='bbox 2432 2969 2677 3051; x_wconf 88' lang='lat' dir='ltr'><strong>suppli-</strong></span> 
     </span>
     <span class='ocr_line' id='line_1_24' title="bbox 302 3074 2683 3160; baseline -0.001 -20"><span class='ocrx_word' id='word_1_159' title='bbox 302 3082 632 3160; x_wconf 84' lang='lat' dir='ltr'><strong>caverunt,</strong></span> <span class='ocrx_word' id='word_1_160' title='bbox 679 3082 1012 3156; x_wconf 86' lang='lat' dir='ltr'><strong>quatenus</strong></span> <span class='ocrx_word' id='word_1_161' title='bbox 1059 3078 1250 3157; x_wconf 89' lang='lat' dir='ltr'><strong>bona,</strong></span> <span class='ocrx_word' id='word_1_162' title='bbox 1296 3074 1615 3141; x_wconf 88' lang='lat' dir='ltr'><strong>Grotkow</strong></span> <span class='ocrx_word' id='word_1_163' title='bbox 1646 3076 1976 3157; x_wconf 88' lang='lat' dir='ltr'><strong>oppidum,</strong></span> <span class='ocrx_word' id='word_1_164' title='bbox 2010 3075 2403 3155; x_wconf 81' lang='lat' dir='ltr'><strong>districtum,</strong></span> <span class='ocrx_word' id='word_1_165' title='bbox 2437 3079 2683 3156; x_wconf 84' lang='lat' dir='ltr'><strong>castra,</strong></span> 
     </span>
     <span class='ocr_line' id='line_1_25' title="bbox 300 3178 2679 3262; baseline 0 -20"><span class='ocrx_word' id='word_1_166' title='bbox 300 3179 501 3262; x_wconf 78' lang='lat' dir='ltr'><strong>villaS,</strong></span> <span class='ocrx_word' id='word_1_167' title='bbox 575 3178 1052 3262; x_wconf 67' lang='lat' dir='ltr'><strong>possessiones»,</strong></span> <span class='ocrx_word' id='word_1_168' title='bbox 1124 3186 1338 3261; x_wconf 88' lang='lat' dir='ltr'><strong>prata,</strong></span> <span class='ocrx_word' id='word_1_169' title='bbox 1411 3178 1638 3261; x_wconf 77' lang='lat' dir='ltr'><strong>silvaS,</strong></span> <span class='ocrx_word' id='word_1_170' title='bbox 1708 3198 1976 3261; x_wconf 87' lang='lat' dir='ltr'><strong>pascua,</strong></span> <span class='ocrx_word' id='word_1_171' title='bbox 2048 3179 2418 3260; x_wconf 89' lang='lat' dir='ltr'><strong>dominium,</strong></span> <span class='ocrx_word' id='word_1_172' title='bbox 2478 3180 2679 3261; x_wconf 84' lang='lat' dir='ltr'><strong>juris·</strong></span> 
     </span>
     <span class='ocr_line' id='line_1_26' title="bbox 301 3281 2681 3367; baseline 0 -21"><span class='ocrx_word' id='word_1_173' title='bbox 301 3284 660 3367; x_wconf 83' lang='lat' dir='ltr'><strong>dictionem,</strong></span> <span class='ocrx_word' id='word_1_174' title='bbox 706 3284 1062 3365; x_wconf 86' lang='lat' dir='ltr'><strong>utilitates,</strong></span> <span class='ocrx_word' id='word_1_175' title='bbox 1107 3289 1474 3365; x_wconf 85' lang='lat' dir='ltr'><strong>proventus</strong></span> <span class='ocrx_word' id='word_1_176' title='bbox 1517 3300 1661 3348; x_wconf 89' lang='lat' dir='ltr'><strong>cum</strong></span> <span class='ocrx_word' id='word_1_177' title='bbox 1698 3281 2123 3364; x_wconf 88' lang='lat' dir='ltr'><strong>pertinentiis</strong></span> <span class='ocrx_word' id='word_1_178' title='bbox 2157 3284 2681 3364; x_wconf 85' lang='lat' dir='ltr'><strong>quibuscunque,</strong></span> 
     </span>
     <span class='ocr_line' id='line_1_27' title="bbox 301 3386 2675 3469; baseline 0.002 -23"><span class='ocrx_word' id='word_1_179' title='bbox 301 3404 457 3466; x_wconf 83' lang='lat' dir='ltr'><strong>quae</strong></span> <span class='ocrx_word' id='word_1_180' title='bbox 503 3391 587 3452; x_wconf 89' lang='lat' dir='ltr'><strong>ab</strong></span> <span class='ocrx_word' id='word_1_181' title='bbox 634 3386 886 3452; x_wconf 89' lang='lat' dir='ltr'><strong>illustri</strong></span> <span class='ocrx_word' id='word_1_182' title='bbox 933 3387 1250 3469; x_wconf 88' lang='lat' dir='ltr'><strong>principe,</strong></span> <span class='ocrx_word' id='word_1_183' title='bbox 1297 3389 1356 3451; x_wconf 92' lang='lat' dir='ltr'><strong>d.</strong></span> <span class='ocrx_word' id='word_1_184' title='bbox 1404 3387 1712 3452; x_wconf 85' lang='lat' dir='ltr'><strong>Boleslao</strong></span> <span class='ocrx_word' id='word_1_185' title='bbox 1762 3390 1929 3452; x_wconf 88' lang='lat' dir='ltr'><strong>duce</strong></span> <span class='ocrx_word' id='word_1_186' title='bbox 1977 3386 2237 3451; x_wconf 87' lang='lat' dir='ltr'><strong>Sleziae</strong></span> <span class='ocrx_word' id='word_1_187' title='bbox 2286 3393 2356 3450; x_wconf 87' lang='lat' dir='ltr'><strong>et</strong></span> <span class='ocrx_word' id='word_1_188' title='bbox 2416 3387 2675 3451; x_wconf 88' lang='lat' dir='ltr'><strong>domino</strong></span> 
     </span>
     <span class='ocr_line' id='line_1_28' title="bbox 304 3489 2675 3575; baseline 0 -22"><span class='ocrx_word' id='word_1_189' title='bbox 304 3490 630 3575; x_wconf 81' lang='lat' dir='ltr'><strong>Bregensi,</strong></span> <span class='ocrx_word' id='word_1_190' title='bbox 684 3492 938 3557; x_wconf 86' lang='lat' dir='ltr'><strong>sororio</strong></span> <span class='ocrx_word' id='word_1_191' title='bbox 999 3498 1225 3557; x_wconf 87' lang='lat' dir='ltr'><strong>nostro</strong></span> <span class='ocrx_word' id='word_1_192' title='bbox 1287 3491 1551 3572; x_wconf 79' lang='lat' dir='ltr'><strong>dilecte,</strong></span> <span class='ocrx_word' id='word_1_193' title='bbox 1612 3490 1822 3556; x_wconf 85' lang='lat' dir='ltr'><strong>libero</strong></span> <span class='ocrx_word' id='word_1_194' title='bbox 1884 3508 2144 3554; x_wconf 88' lang='lat' dir='ltr'><strong>suorum</strong></span> <span class='ocrx_word' id='word_1_195' title='bbox 2212 3489 2529 3554; x_wconf 89' lang='lat' dir='ltr'><strong>heredum</strong></span> <span class='ocrx_word' id='word_1_196' title='bbox 2592 3491 2675 3554; x_wconf 81' lang='lat' dir='ltr'><strong>ad</strong></span> 
     </span>
     <span class='ocr_line' id='line_1_29' title="bbox 303 3592 2673 3677; baseline 0.001 -22"><span class='ocrx_word' id='word_1_197' title='bbox 303 3594 412 3659; x_wconf 89' lang='lat' dir='ltr'><strong>hoc</strong></span> <span class='ocrx_word' id='word_1_198' title='bbox 454 3598 821 3663; x_wconf 85' lang='lat' dir='ltr'><strong>accedente</strong></span> <span class='ocrx_word' id='word_1_199' title='bbox 870 3612 1215 3676; x_wconf 89' lang='lat' dir='ltr'><strong>consensu,</strong></span> <span class='ocrx_word' id='word_1_200' title='bbox 1261 3596 1616 3677; x_wconf 76' lang='lat' dir='ltr'><strong>emptionis</strong></span> <span class='ocrx_word' id='word_1_201' title='bbox 1664 3601 1732 3659; x_wconf 87' lang='lat' dir='ltr'><strong>et</strong></span> <span class='ocrx_word' id='word_1_202' title='bbox 1780 3592 2185 3659; x_wconf 86' lang='lat' dir='ltr'><strong>venditionis</strong></span> <span class='ocrx_word' id='word_1_203' title='bbox 2234 3592 2429 3657; x_wconf 87' lang='lat' dir='ltr'><strong>titulo</strong></span> <span class='ocrx_word' id='word_1_204' title='bbox 2472 3592 2673 3657; x_wconf 88' lang='lat' dir='ltr'><strong>inter-</strong></span> 
     </span>
     <span class='ocr_line' id='line_1_30' title="bbox 303 3698 2673 3781; baseline 0 -21"><span class='ocrx_word' id='word_1_205' title='bbox 303 3699 620 3781; x_wconf 85' lang='lat' dir='ltr'><strong>veniente,</strong></span> <span class='ocrx_word' id='word_1_206' title='bbox 665 3699 804 3767; x_wconf 89' lang='lat' dir='ltr'><strong>suis</strong></span> <span class='ocrx_word' id='word_1_207' title='bbox 863 3698 1162 3780; x_wconf 87' lang='lat' dir='ltr'><strong>pecuniis</strong></span> <span class='ocrx_word' id='word_1_208' title='bbox 1226 3706 1713 3781; x_wconf 87' lang='lat' dir='ltr'><strong>compararunt,</strong></span> <span class='ocrx_word' id='word_1_209' title='bbox 1776 3698 1872 3763; x_wconf 87' lang='lat' dir='ltr'><strong>eis</strong></span> <span class='ocrx_word' id='word_1_210' title='bbox 1941 3698 2363 3778; x_wconf 89' lang='lat' dir='ltr'><strong>impheodare</strong></span> <span class='ocrx_word' id='word_1_211' title='bbox 2426 3714 2673 3775; x_wconf 83' lang='lat' dir='ltr'><strong>eosque</strong></span> 
     </span>
     <span class='ocr_line' id='line_1_31' title="bbox 303 3801 2675 3884; baseline -0.002 -17"><span class='ocrx_word' id='word_1_212' title='bbox 303 3804 550 3870; x_wconf 87' lang='lat' dir='ltr'><strong>nomine</strong></span> <span class='ocrx_word' id='word_1_213' title='bbox 613 3810 680 3868; x_wconf 87' lang='lat' dir='ltr'><strong>et</strong></span> <span class='ocrx_word' id='word_1_214' title='bbox 725 3803 924 3869; x_wconf 90' lang='lat' dir='ltr'><strong>titulo</strong></span> <span class='ocrx_word' id='word_1_215' title='bbox 984 3803 1130 3871; x_wconf 85' lang='lat' dir='ltr'><strong>veri</strong></span> <span class='ocrx_word' id='word_1_216' title='bbox 1189 3802 1432 3884; x_wconf 89' lang='lat' dir='ltr'><strong>pheodi</strong></span> <span class='ocrx_word' id='word_1_217' title='bbox 1487 3802 1831 3878; x_wconf 85' lang='lat' dir='ltr'><strong>investire,</strong></span> <span class='ocrx_word' id='word_1_218' title='bbox 1887 3804 1968 3867; x_wconf 90' lang='lat' dir='ltr'><strong>de</strong></span> <span class='ocrx_word' id='word_1_219' title='bbox 2031 3801 2254 3883; x_wconf 83' lang='lat' dir='ltr'><strong>regiae</strong></span> <span class='ocrx_word' id='word_1_220' title='bbox 2302 3801 2675 3881; x_wconf 83' lang='lat' dir='ltr'><strong>majestatis</strong></span> 
     </span>
     <span class='ocr_line' id='line_1_32' title="bbox 303 3907 1227 3989; baseline 0.001 -19"><span class='ocrx_word' id='word_1_221' title='bbox 303 3907 742 3975; x_wconf 81' lang='lat' dir='ltr'><strong>munificentia</strong></span> <span class='ocrx_word' id='word_1_222' title='bbox 787 3908 1227 3989; x_wconf 69' lang='lat' dir='ltr'><strong>dignaremur.</strong></span> 
     </span>
    </p>

    <p class='ocr_par' dir='ltr' id='par_1_8' title="bbox 301 4009 2777 4404">
     <span class='ocr_line' id='line_1_33' title="bbox 489 4009 2669 4095; baseline -0.002 -18"><span class='ocrx_word' id='word_1_223' title='bbox 489 4012 626 4078; x_wconf 85' lang='lat' dir='ltr'><strong>Nos</strong></span> <span class='ocrx_word' id='word_1_224' title='bbox 673 4030 898 4077; x_wconf 90' lang='lat' dir='ltr'><strong>eorum</strong></span> <span class='ocrx_word' id='word_1_225' title='bbox 937 4012 1138 4095; x_wconf 83' lang='lat' dir='ltr'><strong>justis</strong></span> <span class='ocrx_word' id='word_1_226' title='bbox 1185 4017 1558 4078; x_wconf 82' lang='lat' dir='ltr'><strong>annuentes</strong></span> <span class='ocrx_word' id='word_1_227' title='bbox 1606 4011 2043 4091; x_wconf 85' lang='lat' dir='ltr'><strong>petitionibus</strong></span> <span class='ocrx_word' id='word_1_228' title='bbox 2090 4010 2291 4091; x_wconf 83' lang='lat' dir='ltr'><strong>ipSOS,</strong></span> <span class='ocrx_word' id='word_1_229' title='bbox 2336 4009 2669 4089; x_wconf 58' lang='grc'>1111101113-</span> 
     </span>
     <span class='ocr_line' id='line_1_34' title="bbox 301 4113 2673 4199; baseline 0 -22"><span class='ocrx_word' id='word_1_230' title='bbox 301 4132 512 4195; x_wconf 89' lang='lat' dir='ltr'><strong>copum</strong></span> <span class='ocrx_word' id='word_1_231' title='bbox 585 4120 654 4181; x_wconf 81' lang='lat' dir='ltr'><strong>et</strong></span> <span class='ocrx_word' id='word_1_232' title='bbox 721 4115 1106 4197; x_wconf 86' lang='lat' dir='ltr'><strong>praedictos</strong></span> <span class='ocrx_word' id='word_1_233' title='bbox 1175 4124 1646 4199; x_wconf 85' lang='lat' dir='ltr'><strong>procuratores</strong></span> <span class='ocrx_word' id='word_1_234' title='bbox 1719 4114 2010 4193; x_wconf 84' lang='lat' dir='ltr'><strong>capituli,</strong></span> <span class='ocrx_word' id='word_1_235' title='bbox 2076 4114 2219 4178; x_wconf 86' lang='lat' dir='ltr'><strong>vice</strong></span> <span class='ocrx_word' id='word_1_236' title='bbox 2284 4118 2352 4178; x_wconf 89' lang='lat' dir='ltr'><strong>et</strong></span> <span class='ocrx_word' id='word_1_237' title='bbox 2414 4113 2673 4178; x_wconf 86' lang='lat' dir='ltr'><strong>nomine</strong></span> 
     </span>
     <span class='ocr_line' id='line_1_35' title="bbox 307 4216 2671 4302; baseline 0.001 -23"><span class='ocrx_word' id='word_1_238' title='bbox 307 4216 389 4283; x_wconf 90' lang='lat' dir='ltr'><strong>W.</strong></span> <span class='ocrx_word' id='word_1_239' title='bbox 442 4219 768 4286; x_wconf 84' lang='lat' dir='ltr'><strong>ecclesiae</strong></span> <span class='ocrx_word' id='word_1_240' title='bbox 830 4219 1280 4302; x_wconf 86' lang='lat' dir='ltr'><strong>supradictae,</strong></span> <span class='ocrx_word' id='word_1_241' title='bbox 1349 4222 1434 4285; x_wconf 86' lang='lat' dir='ltr'><strong>de</strong></span> <span class='ocrx_word' id='word_1_242' title='bbox 1505 4219 1693 4285; x_wconf 87' lang='lat' dir='ltr'><strong>bonis</strong></span> <span class='ocrx_word' id='word_1_243' title='bbox 1768 4216 2131 4297; x_wconf 81' lang='lat' dir='ltr'><strong>praedictis</strong></span> <span class='ocrx_word' id='word_1_244' title='bbox 2202 4218 2461 4282; x_wconf 88' lang='lat' dir='ltr'><strong>nomine</strong></span> <span class='ocrx_word' id='word_1_245' title='bbox 2530 4218 2671 4281; x_wconf 83' lang='lat' dir='ltr'><strong>veri</strong></span> 
     </span>
     <span class='ocr_line' id='line_1_36' title="bbox 303 4319 2777 4404; baseline -0.001 -17"><span class='ocrx_word' id='word_1_246' title='bbox 303 4324 524 4401; x_wconf 85' lang='lat' dir='ltr'><strong>pheodi</strong></span> <span class='ocrx_word' id='word_1_247' title='bbox 600 4324 960 4389; x_wconf 87' lang='lat' dir='ltr'><strong>secundum</strong></span> <span class='ocrx_word' id='word_1_248' title='bbox 1034 4330 1336 4389; x_wconf 84' lang='lat' dir='ltr'><strong>naturam</strong></span> <span class='ocrx_word' id='word_1_249' title='bbox 1408 4330 1477 4385; x_wconf 83' lang='lat' dir='ltr'><strong>et</strong></span> <span class='ocrx_word' id='word_1_250' title='bbox 1529 4322 1636 4402; x_wconf 86' lang='lat' dir='ltr'><strong>jus</strong></span> <span class='ocrx_word' id='word_1_251' title='bbox 1706 4338 2042 4385; x_wconf 84' lang='lat' dir='ltr'><strong>commune</strong></span> <span class='ocrx_word' id='word_1_252' title='bbox 2092 4320 2353 4404; x_wconf 85' lang='lat' dir='ltr'><strong>pheudi,</strong></span> <span class='ocrx_word' id='word_1_253' title='bbox 2399 4327 2669 4401; x_wconf 80' lang='lat' dir='ltr'><strong>recepto</strong></span> <span class='ocrx_word' id='word_1_254' title='bbox 2772 4319 2777 4323; x_wconf 69' lang='grc'><strong>“</strong></span> 
     </span>
    </p>
   </div>
   <div class='ocr_carea' id='block_1_8' title="bbox 3180 3656 3195 4811">
    <p class='ocr_par' dir='ltr' id='par_1_9' title="bbox 3180 3656 3195 4811">
     <span class='ocr_line' id='line_1_37' title="bbox 3180 3656 3195 4811; baseline 0 0"><span class='ocrx_word' id='word_1_255' title='bbox 3180 3656 3195 4811; x_wconf 95' lang='lat' dir='ltr'><strong> </strong></span> 
     </span>
    </p>
   </div>
  </div>
 </body>
</html>
